2694 4756
169 213 271 286 XXV.
300 168 339 283 Τ.
356 198 566 308 Pomponius
589 149 733 281 ditioris
761 210 840 308 Cap.
863 205 977 282 XVIIss
994 210 1130 281 XVIII.
1160 209 1248 303 393,

175 401 233 449 aut
253 385 346 446 hunc
360 405 398 446 ea
414 383 514 445 fuisse
532 383 569 446 in
590 402 667 444 suos
688 383 913 466 indulgentia,
935 397 991 457 ut,
1014 401 1099 463 quos
1122 401 1231 444 amare

114 488 146 552 3.
174 490 331 568 deberet,
348 488 441 550 irasci
460 487 506 548 eis
530 487 620 549 nefas
639 489 782 548 (luceret.
822 486 944 566 Neque
967 485 1001 547 id
1022 486 1098 547 lecit
1115 480 1232 547 natura

174 593 301 660 solum,
324 610 529 670 quamquam
552 609 669 651 omnes
684 592 717 652 ei
731 583 901 670 paternus,
926 591 1094 652 sedetiam
1116 585 1240 651 doctri?

133 737 136 741 -
173 715 228 762 na.
269 695 357 756 Nam
390 708 424 758 et
459 695 648 776 principum
685 693 965 776 philospphorum
1003 694 1048 755 ita
1083 708 1231 773 percepta
1319 678 1322 684 ⁵

173 799 293 860 habuit
314 814 485 882 praecepta,
505 813 543 860 ut
560 801 600 861 iis
612 801 653 860 ad
669 799 772 860 vitam
788 800 965 882 agendam,
986 819 1058 859 nort
1073 799 1114 859 ad
1128 812 1233 858 osten·
1305 815 1307 818 ⁴

176 902 352 977 tationem,
374 919 531 965 uteretur.
796 900 797 907 '

486 1071 492 1087 ‘
544 1085 647 1156 Car.
672 1087 807 1180 xvttt.

115 1244 144 1294 1.
175 1223 281 1288 Moris
303 1239 401 1289 ettam
425 1225 590 1307 majorum
612 1247 765 1312 summus
791 1226 937 1290 imitator
954 1227 1036 1303 fuit,
1055 1223 1233 1308 *antiquita-

176 1331 283 1410 tisque
304 1347 446 1394 amatore
469 1353 570 1410 quam
598 1334 681 1394 adeo
710 1333 886 1415 diligenter
916 1332 1034 1393 habuit
1055 1334 1233 1410 cognitam,

174 1451 213 1496 ut
236 1455 307 1496 eam
335 1449 436 1496 totam
462 1436 496 1496 in
525 1457 564 1497 eo
594 1439 772 1498 volumine
795 1438 1004 1520 exposuerit,
1037 1457 1104 1517 quo
1134 1435 1235 1517 magi·

118 1559 148 1607 π.
174 1554 292 1600 stratus
322 1541 464 1600 ornavit.
493 1535 609 1602 ¹Nulla
640 1541 733 1603 euim
759 1542 836 1615 lex,
869 1562 980 1621 neque
1008 1562 1089 1622 pax,
1122 1560 1234 1620 neque
1273 1592 1276 1601 .

176 1646 320 1716 bellum,
345 1665 456 1723 neque
471 1666 519 1708 res
534 1647 670 1709 illustris
688 1660 734 1708 est
749 1647 865 1728 populi
884 1644 1049 1717 Romani,
1070 1664 1144 1724 quae
1160 1663 1232 1704 non

176 1748 214 1809 iu
240 1769 279 1810 eo
300 1769 361 1809 suo
390 1764 536 1830 tempore
560 1752 756 1814 sit-notatas
785 1764 834 1827 et,
869 1752 962 1830 quod
990 1749 1232 1827 difficillimum

174 1855 254 1926 fuit,
275 1857 322 1918 sic
350 1855 553 1918 familiarum
571 1858 735 1940 originem
762 1856 949 1933 subtexuit,
982 1870 1020 1918 ut
1045 1876 1147 1918 exeo
1173 1855 1233 1933 cla·

113 1960 143 2023 3.
174 1981 286 2021 rorum
310 1939 469 2021 virorum‘
487 1964 680 2047 propagines
703 1961 865 2049 possimus
895 1947 1101 2042 cognoscere.
1138 1942 1233 2020 Fecit

135 2049 136 2052 Ἴ
173 2065 237 2126 hoc
262 2067 348 2126 idem
370 2057 542 2147 separatim
567 2069 603 2128 in
625 2069 699 2132 aliis
722 2067 830 2128 libris:
852 2079 890 2127 ut
919 2067 968 2127 M.
992 2050 1089 2146 Bruti
1117 2051 1233 2145 rogatu

163 2170 313 2239 'Juniam
336 2170 499 2232 familiam
524 2193 542 2233 a
563 2172 663 2254 stirpe
685 2151 727 2234 ad
754 2173 845 2233 hanc
860 2185 985 2232 aetatem
1015 2170 1132 2230 ordine
1152 2187 1234 2228 enu-

173 2276 332 2351 meravit,
355 2292 493 2350 notans,
515 2269 594 2356 qui,
615 2296 724 2356 atquo
745 2291 852 2346 ortus,
873 2294 957 2352 quoa
981 2273 1140 2345 honores,
1161 2271 1232 2350 qui·
1299 2291 1300 2294 ’

112 2379 142 2443 d·
171 2382 301 2460 busque
323 2383 546 2462 temporibus,
567 2383 712 2462 cepisset.
752 2381 829 2441 Pari
847 2381 948 2440 modo
969 2379 1121 2440 Marcelli
1136 2379 1245 2469 Clau-³

172 2483 239 2558 dii,
262 2480 518 2559 Marcellorum
541 2474 705 2566 Scipionis
721 2484 888 2560 Cornelii,
910 2486 941 2546 et
955 2476 1054 2573 ¹Fabii
1077 2482 1233 2552 Maximi.

170 2587 373 2664 Fabiorum,
391 2573 428 2651 'et
446 2590 676 2651 Aemiliorum
699 2610 851 2670 quoquet
868 2577 1004 2670 'quibus
1026 2591 1118 2651 libris
1145 2590 1232 2651 nihil

171 2707 278 2773 potest
300 2714 367 2756 esse
389 2696 521 2756 dulcius
540 2696 596 2765 iis,
621 2694 683 2774 qui
704 2695 853 2776 aliquam
875 2695 1090 2776 cupiditatem
1108 2694 1233 2756 habent

113 2801 141 2859 ⁵.
173 2798 302 2859 notitiae
335 2801 499 2862 clarorum
528 2800 689 2868 virorum.
741 2800 867 2882 Att‘igit
897 2820 1033 2881 quoque
1060 2801 1228 2881 poeticen:

147 2987 172 3038 5.
192 2975 343 3046 doctrina]
367 2980 441 3031 'Ans
464 2941 677 3031 Grttndscitzen.
719 2961 807 3034 Ilatio
839 2978 907 3031 oder
927 2978 1087 3047 judiciam*
1104 2978 1174 3033 wird
1202 2984 1232 3036 in
1281 2983 1284 2988 ’

112 3045 204 3128 dieser
223 3048 532 3117 Lebeusbeschreibung
549 3052 629 3124 mehr
647 3050 688 3102 als
708 3054 753 3103 ein
772 3050 853 3104 Mahl
872 3067 903 3102 ro
922 3049 1083 3120 gebraucht.

145 3165 254 3219 XVlll.
276 3185 298 3220 t.
314 3166 518 3236 antiquitatis]
554 3170 578 3220 t.
598 3187 621 3220 e.
641 3184 734 3218 rerum
748 3171 943 3234 antiquarum,
962 3166 1094 3218 historiae.
1131 3165 1230 3218 Cicero

112 3232 147 3286 de
165 3237 252 3300 Orat.
270 3238 301 3302 l,
318 3249 344 3302 5.
365 3237 500 3290 Tenenda
515 3247 661 3306 pgoetcrea
679 3245 722 3287 est
734 3243 827 3288 omnis
840 3242 1012 3306 antiquitas.
1050 3236 1111 3304 Vgl.
1128 3235 1191 3300 XX,
1204 3254 1230 3289 a.

179 3371 234 3417 ono
253 3359 447 3419 magistratus
464 3357 598 3420 ornavit]
636 3353 766 3415 Mehrere
783 3355 930 3417 Gelehrte,
955 3354 1042 3408 denen
1068 3354 1117 3407 ich
1133 3353 1232 3407 irfiher

97 3422 182 3476 auch
197 3424 409 3494 heygeplliclrtet
428 3425 511 3488 habe,
531 3423 711 3485 termuthen,
729 3425 788 3478 dass
808 3444 873 3477 tuan
892 3424 1044 3477 ordinavit
1059 3441 1125 3486 stott
1141 3444 1232 3476 orna-

109 3499 157 3544 vit
175 3493 251 3544 lesen
271 3503 372 3545 misse.
412 3495 503 3546 Allein
523 3494 567 3546 ich
586 3494 658 3545 finde
678 3497 779 3564 richtig
798 3497 942 3559 hemerkt,
958 3514 1022 3547 man
1043 3501 1159 3563 entzb'ge
1178 3497 1231 3548 da·

110 3563 199 3614 durch
218 3565 280 3616 darn
301 3568 409 3615 Atticus
437 3564 485 3616 das
515 3565 748 3632 cigentlritnrliche
776 3567 938 3626 Verdienst,
966 3566 1085 3617 welches
1115 3584 1145 3617 er
1170 3565 1238 3618 tticlr¹

110 3650 159 3685 um
178 3634 222 3685 die
241 3633 408 3685 Gcarhichte
427 3633 476 3685 der
494 3635 545 3685 auf
568 3635 702 3687 einander
720 3636 1006 3704 gefolgtenobriglns
1019 3637 1117 3688 lichen*
1130 3638 1230 3688 Perso-

110 3721 165 3754 nen
186 3705 301 3755 erwarbs
338 3705 419 3755 Denn
439 3704 527 3756 dieses
555 3704 671 3762 hestand
693 3703 789 3768 darin,
822 3706 882 3758 dass
908 3724 938 3757 er
957 3708 1146 3759 Nachricltten
1166 3724 1231 3759 vom

108 3772 272 3842 Uesprunge
304 3773 467 3826 berttlrmter
494 3775 628 3827 Familien
655 3775 718 3826 und
732 3775 815 3829 deren
842 3777 1012 3844 Genealogie
1034 3775 1158 3844 augleich
1180 3781 1231 3828 mit

109 3845 253 3903 einttebte.
271 3843 350 3896 Diels
369 3845 435 3896 aber
452 3849 490 3898 itt
507 3861 578 3913 gana
596 3845 745 3912 etgcnrttch
759 3865 877 3900 ornare.
896 3847 958 3917 Vgl.
974 3865 1008 3899 zu
1019 3849 1121 3899 Hann.
1139 3845 1229 3913 111,4.

70 3958 72 3964 '
141 3970 170 4026 5.
190 3932 253 4030 pai,
278 3950 369 4030 aprio
388 3967 553 4033 ortnscet.]
589 3963 737 4018 Timoleon
756 3964 802 4029 ll,
821 3981 846 4020 a.

97 4062 99 4066 “
144 4062 170 4119 4.
189 4064 219 4107 et
236 4059 426 4110 Aetniliornm
443 4059 564 4127 atroque]
613 4057 739 4110 Seltanet·
767 4057 858 4109 haben
882 4062 936 4110 wir
958 4065 988 4109 et
1004 4083 1038 4098 -··
1054 4073 1163 4127 quoque
1189 4060 1229 4109 im

110 4121 235 4191 gleichen
253 4128 343 4182 Sarae.
379 4128 442 4197 Vgl.
456 4127 638 4183 uolutantes
657 4146 691 4179 att
711 4129 743 4184 V
740 4126 846 4196 ellejus
863 4129 977 4182 Patara.
997 4127 1026 4196 1,
1049 4140 1092 4192 ¹7·
