2694 4756
298 107 307 137 l

107 139 176 251 ess
355 129 521 255 ,Χνιιι
547 179 724 250 Eumenes.
775 166 861 276 cap.
886 181 942 250 11.
955 256 962 288 ‚
1007 287 1009 290 Ι

164 367 307 432 regnum
329 348 362 413 ei
388 353 656 440 commendasse,
691 351 804 433 quoad
833 351 932 416 liberi
958 353 1035 431 ejus
1064 354 1103 416 in
1130 372 1239 435 snam¹

166 454 306 521 tutelam
330 445 580 535 pervenissent3
610 460 746 518 aberant
770 457 863 520 enim
886 453 1053 537 Cratinus,
1082 459 1231 523 ct‘Anti·

165 571 273 639 pater,
302 557 364 639 qui
387 560 581 622 antecedere
608 559 702 621 hunc
729 559 948 622 videbantur:
977 575 1132 625 mortuus
1163 575 1230 624 erat

163 659 381 742 Hephaestio,
403 682 506 742 quem
529 683 639 724 unum
665 663 881 742 Alexander,
903 660 996 744 quod
1014 664 1113 727 facile
1133 667 1230 728 intel·

164 764 227 847 ligi
252 780 373 847 posset,
409 765 549 848 plurimi
575 767 795 843 lecera13hoc
820 784 967 851 tempore
994 771 1069 833 data
1091 785 1140 834 est
1163 772 1230 834 Eu·

166 870 262 932 meni
287 871 513 952 Cappadocia,
534 873 606 938 sive
625 865 738 955 potius
761 873 859 936 dicta.
897 874 987 937 Nam
1013 888 1086 936 tum
1110 874 1230 950 inho·¹

107 989 138 1044 2.
167 971 271 1035 stium
295 989 364 1036 erat
386 990 556 1058 potestate.
600 976 709 1040 Hunc
737 977 802 1041 sibi
828 978 1002 1056 Perdiccas
1025 979 1230 1057 adjunxerat

154 1098 291 1166 nmagno
319 1081 452 1155 studio,
481 1068 574 1163 quod
604 1083 641 1145 in
676 1080 818 1144 homine
845 1082 948 1145 fidem
972 1095 1006 1146 et
1027 1081 1228 1144 industriam

120 1252 139 1275 Ι
164 1204 320 1267 magnam
354 1185 502 1250 videbatz
536 1208 608 1250 non
634 1187 811 1273 dubitans,
844 1185 874 1248 si
912 1206 991 1249 eum
1017 1185 1231 1268 pellexisset,

127 1314 128 1317 ¹
165 1277 289 1371 magno
311 1289 391 1352 usui
409 1289 480 1353 fore
496 1290 562 1353 sibi
579 1290 616 1355 in
634 1291 688 1355 hic
715 1295 828 1368 rebus,
849 1310 932 1372 quas
952 1292 1138 1374 apparabat.
1172 1291 1231 1352 Co·

165 1391 289 1474 gitabat
312 1393 422 1472 enim,
444 1395 536 1476 qnod
552 1394 620 1459 le're
641 1415 759 1459 omnes
776 1396 815 1459 in
838 1396 968 1480 magnis
986 1396 1135 1480 imperiis
1155 1415 1231 1457 con·

652 1502 664 1526 ι

178 1571 407 1644 commendasse]
441 1577 500 1630 Das
517 1539 643 1630 verbosa
664 1538 812 1648 proprium
830 1594 886 1631 von
903 1576 980 1644 dem,
992 1536 994 1539 Ι
1008 1575 1108 1628 descen
1126 1576 1231 1628 Bosor-

109 1683 186 1736 gnng
205 1669 263 1722 und
282 1668 520 1722 Vormundsohast
541 1684 643 1736 etwas,
669 1671 822 1724 besonders
849 1689 905 1723 von
929 1675 1021 1723 einem
1044 1669 1230 1737 Stcrbenden,

63 1783 72 1794 ι
108 1762 269 1833 isbergebcn
285 1744 366 1818 wird.
397 1764 467 1834 Vgl.
487 1765 654 1837 Heusinger
672 1785 707 1824 zu
725 1768 824 1821 Cicero
842 1766 877 1818 d'e
895 1763 1019 1838 Officiis
1036 1764 1094 1835 lll,
1115 1783 1161 1834 ao,
1179 1746 1221 1846 ι6

179 1887 211 1935 irr
228 1900 327 1935 sreurra
330 1885 454 1936 tutelam
467 1889 702 1956 pervenissent]
721 1888 771 1939 Bis
786 1891 865 1939 seirre
885 1885 999 1939 Kinder
1016 1886 1164 1938 mannbar
1179 1903 1232 1954 ge·

109 1978 235 2035 rr‘ordera
257 1989 371 2032 rrdrerr'.
405 1979 443 2032 Irl
472 1979 603 2050 ulicujus
626 1981 749 2047 tutelam
764 1985 915 2051 pervenire
939 1977 1024 2033 heilst
1050 1989 1138 2039 unter
1154 1985 1232 2043 eines

108 2072 369 2148 Vormurrdsclrafi¹
395 2079 540 2140 lemmen,
568 2073 620 2127 der
643 2065 771 2129 Mundel
794 2094 848 2129 von
874 2080 966 2144 einem
989 2073 1120 2128 rrerderr.
1164 2075 1231 2127 Alco

110 2175 144 2224 ira
171 2189 256 2223 suam
282 2171 406 2221 tutelam
430 2164 601 2241 perve'rrire,
634 2179 720 2222 unier
749 2159 960 2238 seine'eigerre·
977 2167 1232 2241 Vormurrdsclraft

36 2275 38 2279 '
109 2269 259 2331 lcommen,
287 2269 349 2316 sein
376 2269 492 2332 eigeuer
510 2262 662 2322 Vormurrd
678 2263 810 2319 rrerderr.
857 2266 956 2318 Cicero
984 2263 1019 2315 de
1036 2264 1104 2317 inv.
1124 2264 1169 2329 ll,
1187 2262 1231 2317 62.

104 2339 235 2432 pupillus
253 2367 478 2421 unte‚mortuus
496 2368 554 2425 cst,
581 2377 667 2429 quarn
694 2364 725 2427 in
751 2377 836 2432 suam
864 2361 989 2411 tutelam
1011 2363 1138 2422 saeuiret.
1176 2360 1230 2411 Die
1252 2354 1253 2360 ¹

108 2457 297 2512 Abtohreiber
315 2455 372 2508 und
391 2456 598 2524 Herausgeber‚
627 2454 733 2508 welche
760 2463 847 2508 extra
870 2473 955 2507 suam
983 2455 1106 2506 tutelam
1129 2470 1233 2523 perre-

109 2556 222 2604 rrisseut
240 2550 332 2615 lesen,
356 2550 447 2602 haben
465 2551 528 2620 jene
546 2550 660 2602 Phrasis
684 2549 763 2602 nicht
790 2547 976 2612 verstanden,
1006 2545 1063 2601 und
1082 2549 1127 2599 ihr
1145 2563 1232 2600 etwas

1 2668 3 2672 ¹
109 2644 335 2700 Unlateinisches
363 2631 576 2695 unterschoben.
623 2643 667 2694 lm
692 2643 818 2710 gleiclten
844 2645 931 2697 Sinne
955 2645 1110 2696 Suetonius
1128 2641 1233 2696 Claud.

108 2758 135 2792 o
163 2760 188 2793 1.
205 2739 412 2808 posttutclam
436 2744 595 2805 receptam
631 2736 719 2788 Tute
707 2739 768 2789 am
772 2741 910 2837 recipit,
935 2752 997 2806 sagi
1025 2737 1095 2790 llcrr
1120 2735 1233 2809 Wolf,
1270 2726 1272 2729 ⁸

107 2840 159 2907 qui
178 2837 230 2889 sub
249 2834 339 2890 aliena
359 2833 446 2886 tutela
465 2849 525 2884 esse
544 2829 658 2921 desinit.

180 2973 261 3026 qrrem
280 2955 380 3020 unum]
416 2951 447 3004 la
466 2951 678 3015 nichtvrvum,
705 2950 824 3005 welches
844 2951 909 3004 sehr
926 2965 997 3003 matt
1015 2951 1099 3017 wire.
1137 2953 1234 3006 Ursum

61 3092 62 3099 ,
108 3051 249 3104 rerst'airkt
267 3046 320 3101 den
338 3049 498 3119 superlativ
515 3048 645 3118 plurimi.
680 3034 814 3101 Siebenn
832 3047 967 3099 Miltiad.
989 3045 1063 3113 1‚1.

180 3166 256 3239 quod
277 3167 373 3239 facile
397 3168 526 3234 intelligi
545 3173 657 3235 posset,
682 3167 803 3236 plurimi
819 3166 948 3234 fecerat]
995 3167 1098 3218 Bosius
1128 3151 1234 3220 ltonnte

95 3263 196 3319 ¹sich·
189 3283 219 3316 ιιι
237 3264 286 3318 das
313 3261 509 3334 Imperfectum
536 3268 635 3330 posset
652 3261 730 3314 nicht
748 3260 852 3314 finden.
888 3263 928 3315 Ec
946 3262 1121 3314 vermuthete
1148 3260 1235 3314 daher

111 3358 251 3412 entweder
274 3366 372 3427 potest
396 3356 465 3408 oder
490 3361 593 3424 possit.
629 3356 719 3410 Keinc
740 3357 831 3410 dieser
856 3357 966 3427 heyden
994 3359 1235 3428 Vera'ndernngen

55 3481 57 3487 ·
109 3456 148 3506 ist
165 3453 276 3522 n'othig.
311 3454 369 3505 Der
388 3452 591 3522 conjunctivus
610 3457 662 3504 mit
680 3452 742 3504 dem
761 3452 889 3504 Relativo
908 3454 960 3504 soll
980 3452 1126 3506 denGrad
1143 3452 1259 3506 seiner'

110 3547 243 3616 Achtnng
270 3548 328 3601 und
347 3549 429 3601 Liebe
447 3546 640 3600 ausdrr'icken:
666 3565 729 3597 eum
752 3551 797 3597 itu
822 3548 943 3612 plurimi
953 3545 1093 3616 fecerat,
1122 3556 1156 3599 ut
1182 3548 1235 3600 lsoc

104 3642 205 3716 facile
223 3631 351 3709 intelligi
366 3651 477 3711 posset,
497 3642 640 3694 niihmlich
659 3639 862 3695 Alexandrum
880 3642 1111 3708 Heplroestr'ouem
1124 3641 1235 3713 facere

107 3739 240 3809 plurimi.
276 3738 318 3789 Er'
338 3737 391 3806 gab
418 3737 477 3788 ilnn
504 3755 554 3789 vor
573 3737 649 3788 allen
667 3735 772 3787 andern
792 3751 822 3786 so
841 3733 1019 3787 entschieden
1038 3735 1092 3787 den
1111 3736 1234 3804 Vorzug,

111 3832 173 3885 dass
192 3832 355 3902 jedermann
374 3850 402 3884 es
422 3832 530 3885 eiusab.
569 3829 654 3900 erod
671 3829 717 3881 liis
734 3833 780 3880 iia
798 3837 831 3880 ut
849 3827 919 3897 lace,
944 3833 997 3884 wie
1021 3831 1094 3883 Herr
1119 3831 1234 3883 Gerena

111 3925 215 3994 nichtig
233 3925 361 3978 hemerkt
379 3944 414 3977 ιιι
432 3926 531 3978 Cicero
551 3923 585 3975 de
603 3925 692 3990 Legg.
711 3922 742 3988 1,
762 3931 790 3982 8.

180 4038 211 4086 iu
227 4015 350 4101 magnis*
362 4036 503 4103 imperiis]
539 4035 625 4087 Diese
642 4016 728 4086 Stelle
745 4031 813 4085 lissi
828 4030 888 4084 sich
904 4032 976 4086 nach
995 4030 1058 4084 dem
1077 4032 1235 4097 varstehen,

112 4143 170 4183 was
188 4131 241 4181 wir
257 4128 328 4181 iiber
344 4133 376 4182 iu
393 4129 446 4200 bey
464 4131 550 4184 Faus.
568 4130 612 4197 11,
629 4127 657 4181 6.
673 4127 745 4181 Con.
765 4127 795 4196 l,
815 4144 840 4183 1.
858 4127 1028 4181 hemerkten.
1065 4125 1149 4179 Doch
1159 4127 1235 4180 kann
