2694 4756
389 168 452 247 IX.
480 121 607 246 Conon.
660 168 740 270 Cap.
765 172 826 245 IV.
856 163 890 244 V.
1034 188 1037 193 '
1136 175 1199 261 145

145 338 175 408 tl
197 361 273 408 cum
298 347 442 408 Barbaro
463 349 572 409 solum
599 346 846 407 contenderent.
886 341 974 405 Nam
998 343 1119 406 ducem
1140 340 1203 406 for·

146 439 267 515 tem'et
284 452 478 532 prudentem
496 451 611 531 Regis
637 451 758 529 opibus
780 447 1008 530 praelutnrnm,
1029 470 1066 512 ac
1088 469 1203 512 secum

146 555 383 617 dimicaturum
416 546 592 628 videbant,
639 574 740 632 quem
764 573 883 633 neque
916 554 1056 615 oonsilio
1090 575 1202 635 neque

77 669 140 755 4.
147 658 252 757 copiis¹
282 677 432 737 superare
458 673 600 737 possent
656 657 732 718 Hac
756 677 868 719 mente
896 678 1050 741 magnam
1080 673 1203 722 contra·

147 761 236 823 hunt
250 762 401 832 classem3
427 763 678 841 proficiscuntur
690 762 853 823 Pisandro
871 763 968 824 duce.
989 762 1064 823 Hos
1080 763 1202 824 Conon

145 868 236 947 apud
255 865 402 926 Gnidum
431 867 564 926 adortus
593 886 713 948 magno
737 856 853 948 p'roelio
873 866 980 950 fugat,
1008 868 1130 929 multae
1147 889 1203 929 na

145 988 205 1033 ves
225 969 330 1050 capit,
363 971 550 1049 complures
577 968 742 1050 deprimit.
786 970 863 1055 Qua
891 971 1030 1031 victoria
1057 991 1127 1043 non
1153 990 1202 1032 so·

146 1074 219 1135 lum
244 1073 409 1147 Athenae,
437 1075 492 1133 sed
519 1071 619 1134 etiam
648 1087 767 1134 cuncta
791 1073 934 1147 Gracia.
961 1091 1035 1152 quse
1054 1075 1115 1133 sub
1142 1073 1202 1135 La·-

81 1178 115 1241 5.
146 1177 426 1241 cedaemoniorum
462 1176 569 1238 fuerat
604 1177 763 1258 imperio,
798 1178 933 1255 liberata
968 1192 1026 1240 est.
1080 1178 1201 1240 Conon

146 1301 224 1345 eum
247 1298 336 1364 parte
357 1280 498 1344 navium
526 1282 567 1343 in.
591 1283 727 1363 patriam
751 1283 866 1344 venit:
896 1301 1008 1362 muros
1030 1281 1156 1343 dirutos
1182 1302 1201 1344 a

146 1389 341 1469 Lysandro,
360 1400 517 1464 utrosque
537 1385 679 1446 etPiraei
701 1401 733 1448 et
755 1385 986 1459 Athenarum,
1007 1387 1202 1447 reficiendos

117 1500 122 1512 '
147 1503 259 1563 curat,
288 1476 505 1571 pecuniaeque
526 1488 772 1579 qninquaginta
799 1490 941 1568 talenta,
968 1507 1043 1569 quae
1064 1508 1083 1550 a
1103 1487 1202 1548 Phsr⁴
1245 1558 1246 1563 η

145 1599 272 1658 nanazo
293 1608 475 1674 acceperat,
494 1595 625 1656 civibus
642 1595 710 1656 suis
730 1597 841 1657 donat.

556 1827 659 1896 Cdr.
684 1819 729 1898 V.

104 2034 114 2058 .
145 1988 282 2058 Accidit
311 1985 414 2067 huic,
450 1990 540 2073 quud
565 1983 680 2055 ceteris
712 1984 927 2064 mortalibus,
958 1956 1201 2075 utnintonsid'e‘
1283 1983 1286 1989 ¹

69 2140 72 2145 -
119 2144 121 2149 »
142 2099 243 2160 ratior
268 2098 303 2165 in
327 2097 487 2168 secunda,
510 2116 609 2174 quam
632 2097 668 2156 in
693 2096 828 2156 adversa
848 2108 929 2156 esset
948 2093 1091 2155 fortuna.
1111 2086 1201 2154 Nam

143 2203 243 2266 classe
270 2196 593 2283 Peloponnesiorum
621 2200 768 2271 devicta,
799 2211 906 2278 quum
929 2199 1040 2258 ultum
1059 2215 1093 2258 se
1116 2197 1202 2278 inju-

129 2312 205 2370 -rias
238 2305 347 2388 patr-im
378 2317 525 2386 putaret,
563 2304 659 2406 plura
692 2303 905 2384 concnp1vit‚
938 2300 1038 2382 qua'm
1072 2301 1201 2364 efficere

83 2428 113 2485 t.
144 2413 261 2496 potuit.
300 2405 422 2490 Neque
443 2425 553 2471 tamen
576 2429 612 2470 ea
637 2427 708 2468 non
730 2395 784 2489 pie
808 2421 839 2467 et
857 2407 1026 2489 probanda
1052 2405 1202 2482 fuerunt,
1257 2446 1263 2467 .

84 2612 207 2668 tondern
230 2630 284 2666 nur
309 2630 362 2663 von
383 2617 457 2666 einer
478 2611 608 2676 sols-hen,
625 2625 669 2665 tto
686 2602 762 2682 jeder
779 2616 877 2662 seinen
895 2610 1093 2674 bestimmten,
1110 2609 1201 2678 gelre*

82 2712 167 2776 rigere
187 2707 269 2759 Ttstt
284 2707 437 2760 belommt.
485 2700 554 2758 llier
581 2708 654 2758 steht
679 2723 707 2758 es
734 2682 763 2756 i⁸n
784 2711 863 2771 siner¹
886 2719 970 2757 etwas
1000 2704 1200 2773 weitliiuligern

35 2830 47 2861 ι
80 2801 265 2868 Bedsutung,
295 2798 353 2852 und
372 2796 492 2851 'umfassr
517 2800 561 2852 dle
584 2817 679 2867 gance
701 2801 871 2866 Besorgtmg
889 2798 940 2850 der
956 2796 1200 2865 Kriegs·Casse‚

39 2946 48 2953 ‚
81 2895 132 2949 dos
164 2877 341 2947 Eionelrmen
368 2892 425 2945 und
447 2894 619 2960 Αιιιςιιίιεη,1
647 2912 674 2947 u.
695 2911 716 2946 s.
735 2910 772 2946 w.
817 2894 871 2944 Die
892 2893 996 2945 Romer
1016 2908 1127 2945 neuneu
1155 2891 1200 2944 die
1256 2901 1259 2908 '

80 3000 207 3058 Person,
226 2996 273 3048 dor
297 2995 386 3048 dleses
410 2997 568 3059 selemim,
593 3003 734 3064 qttoestor,
763 2992 808 3047 die
827 2993 966 3050 Grieohen
985 2993 1102 3055 rotulae,
1129 2995 1200 3047 wel·-

81 3090 184 3156 chem,
201 3091 226 3163 je
244 3091 315 3142 nach
338 3091 388 3143 der
404 3093 603 3156 Bestimmung
620 3089 670 3141 der
687 3087 801 3151 Gelder‚
820 3087 864 3141 dle
888 3107 923 3156 er¹
939 3090 1097 3152 verneltet,
1116 3084 1200 3142 meist

80 3187 156 3240 noch
181 3190 225 3237 sin
244 3185 455 3237 Genitivus‘als
478 3186 580 3235 Znsatz
599 3183 720 3252 gegeben
741 3181 824 3234 nird-
867 3183 902 3235 So
921 3183 1026 3234 ilintate
1043 3198 1111 3236 man
1138 3179 1200 3232 hier

79 3289 134 3343 den
152 3290 365 3344 Schatzmcister
382 3283 484 3346 ταμίαι
504 3286 706 3365 στρατιωτικῶν
730 3298 850 3340 nennen.

115 3466 144 3527 4.
157 3457 283 3529 fuerat]
319 3456 376 3511 Seit
396 3455 445 3509 der
462 3454 594 3510 Soblecht
612 3455 666 3527 bey
684 3456 917 3525 Aegospotamos.

29 3590 70 3663 9·
94 3679 97 3685 ,
114 3635 142 3690 5.
160 3630 374 3695 quinquaginta
393 3627 521 3694 talento]
540 3623 619 3678 Diest
637 3624 746 3677 scheint
759 3628 820 3676 eine
839 3623 885 3675 lor
900 3623 1022 3693 grissere
1034 3622 1198 3678 Getclrenlte

33 3728 41 3795 '³
81 3719 276 3789 gewiihnliclre
294 3723 407 3776 Summe
425 3736 552 3791 genesen
571 3739 605 3772 ιιι
623 3735 701 3790 teyn.
736 3717 801 3786 Vgl.
820 3717 919 3769 Cicero
938 3718 1023 3770 Tute.
1042 3720 1077 3784 V,
1094 3728 1140 3782 3²·
1192 3733 1194 3737 ·

29 3944 32 3949 ·
113 3911 194 3968 Ver.
212 3911 477 3982 injurlaspatrr'te]
513 3912 568 3964 Die
588 3908 685 3961 Unbill
710 3925 803 3977 gegen
821 3908 870 3962 das
895 3903 1064 3974 Vaterland,
1093 3907 1199 3962 welche

74 4004 130 4061 das
150 4007 302 4058 Vaterla'nd
320 4007 449 4059 erl'slrren
468 4006 561 4069 hatte,
593 4008 646 4057 trie
673 4005 751 4055 Dion
776 4006 808 4067 V,
833 4013 861 4067 3.
883 4001 1127 4079 odiuml'tyranm'
1149 4003 1199 4057 der

77 4100 148 4154 Hele
165 4118 260 4170 gegen
278 4099 332 4153 deu
351 4100 512 4154 Oberherrn
531 4104 575 4151 ist.
612 4099 765 4151 Terentius
789 4094 904 4151 Andria
927 4095 958 4159 l,
982 4106 1015 4159 5,
1042 4096 1087 4149 26.
1113 4101 1201 4148 mise*

78 4196 210 4249 :tcordta
226 4194 316 4263 hujus
339 4199 358 4249 i.
380 4212 404 4249 e.
433 4210 497 4264 erga
517 4195 605 4262 hano,
629 4187 875 4263 nollulmlrenlus
897 4188 1093 4247 nachzusehen
1118 4194 1165 4246 ist.

934 4365 936 4369 ι
1005 4280 1040 4342 K
