2694 4756
110 189 215 265 fflfi'
332 193 676 268 Xantownne
728 191 994 292 GthIIK

167 364 262 438 rius,
284 364 424 431 invidus
443 318 543 431 ἐξω
568 366 744 449 potentiae,
783 366 924 430 domum
944 379 1096 431 revocate
1112 351 1116 357 ’
1133 388 1224 432 aocu·

165 483 280 532 santur
297 472 507 553 proditionis.
554 472 633 532 Hoc
650 468 779 552 judicio
805 471 983 533 damnatur
1007 471 1224 548 Timotheus,

167 573 276 654 lisque
312 572 383 655 ejus
410 575 589 638 estimatur
614 588 752 637 centum
786 575 930 638 talentis.
947 576 1042 639 -tllle
1072 576 1153 639 odio
1178 578 1226 640 in·

163 691 262 761 grata
282 667 427 741 ciuitatis
446 691 595 753 coactus,
615 677 809 740 Chalcidem
833 698 868 740 se
889 679 1045 742 contulit.
1154 702 1159 723 =·

545 805 815 931 *CAnIV.s

106 1019 136 1063 ι.
163 999 284 1078 Hujus
310 1011 542 1083 postmortem
567 1021 675 1082 quum
701 999 867 1083 populum
896 999 1020 1078 judicii
1043 1002 1100 1065 sui
1124 992 1227 1086 preni-

166 1119 263 1180 teret,
292 1107 408 1175 multae
433 1126 557 1169 novem
587 1121 692 1187 partes
715 1104 879 1178 detraxit,
906 1120 940 1167 et
967 1105 1081 1168 decern
1105 1107 1228 1169 talenta

166 1209 344 1283 Cononem
372 1209 484 1272 filium
515 1209 591 1287 ejus
617 1209 659 1271 ad
687 1207 777 1270 muri
804 1210 988 1288 quamdam
1014 1222 1138 1292 partem
1160 1211 1229 1271 refr-

166 1312 320 1375 ciendam
344 1313 444 1391 jussit
466 1313 553 1377 dare.
576 1314 619 1375 ln
647 1334 716 1395 quo
737 1311 879 1395 fortunae
899 1312 1037 1375 varietas
1060 1329 1108 1376 est
1122 1313 1229 1375 anim·

166 1415 313 1478 adversa.
374 1415 464 1478 Nam
494 1436 579 1496 quos
609 1424 692 1481 avus
720 1418 841 1481 Conon
865 1437 977 1479 muros
1003 1438 1047 1502 ex
1066 1408 1230 1480 'hostium

54 1520 56 1527 '
168 1521 276 1604 praeda
300 1520 411 1602 patriae
433 1520 632 1596 restituerat,
670 1523 803 1585 eosdem
831 1541 952 1604 nepos,
990 1543 1067 1584 cum
1096 1542 1231 1585 summa

149 1624 357 1715 „ignominia
379 1622 534 1702 familis,
561 1646 604 1690 ex
625 1646 684 1689 sua
707 1648 742 1691 re
762 1625 920 1714 familiari
944 1629 1075 1690 reficere
1097 1642 1231 1692 coactus

110 1749 139 1803 2.
170 1745 228 1794 est.
248 1767 290 1780 -
328 1729 503 1793 Timothei
535 1730 648 1796 autem
681 1732 857 1794 moderatas
891 1732 1117 1814 sapientisque
1153 1730 1232 1794 vitae

168 1855 276 1916 quum
291 1835 448 1916 pleraque
462 1836 625 1918 possimus
639 1836 781 1918 proferre
794 1837 993 1912 testimonis,
1014 1857 1086 1898 uno
1103 1826 1239 1908 ,erimus

138 1970 139 1974 =
171 1939 340 2012 contenti,
361 1940 453 2021 quod
471 1960 513 2002 ex
534 1959 573 2002 eo
598 1938 696 2001 facile
717 1939 840 2016 conjici
860 1939 1000 2021 poterit,
1021 1960 1122 2020 quam
1138 1957 1232 2002 carus

96 2043 98 2047 ’
168 2042 238 2106 suis
256 2042 367 2106 fuerit.
387 2075 391 2083 ‚
408 2044 527 2132 Quum
551 2039 699 2107 Athenis
721 2043 990 2105 adolescentulus
1016 2062 1163 2106 caussam
1185 2043 1232 2106 di·

170 2167 276 2223 cerer,
315 2168 385 2209 non
414 2149 525 2208 solum
552 2147 652 2209 amici
682 2144 872 2229 privatique
901 2146 1047 2228 hospites
1076 2148 1118 2210 ad
1152 2168 1233 2211 eum

171 2252 424 2317 defendendum
462 2266 713 2326 convenerunt,
758 2251 817 2339 sed
848 2251 949 2314 etiarn
979 2252 1017 2316 in
1048 2252 1096 2316 eis
1127 2253 1233 2316 Jason

184 2455 305 2512 invidus,
320 2490 348 2502 -
363 2455 521 2526 potentie]
556 2454 620 2526 tgl.
631 2456 713 2509 'Cato
732 2453 783 2525 11,
795 2470 824 2509 a.
844 2489 846 2493 ν

118 2639 121 2644 ¹
180 2577 270 2643 lisque
289 2573 366 2642 ejus]
402 2574 466 2644 vgl.
484 2573 623 2627 Miltiad.
642 2574 762 2643 v11,6.

75 2728 81 2740 .
146 2695 196 2748 IV.
217 2713 243 2746 r.
263 2693 361 2746 multoe
378 2709 478 2746 novem
497 2702 604 2763 partes
626 2679 772 2767 detraxit]
808 2693 852 2749 So.
870 2693 1003 2766 populns.
1038 2695 1096 2754 Bev
1117 2694 1235 2750 solchen

111 2788 248 2857 Angaben
278 2786 348 2861 vird
371 2791 472 2840 immet
500 2791 546 2841 ein
570 2787 654 2842 Theil
675 2793 798 2856 weniger
821 2803 959 2857 genennt,
996 2787 1037 2841 eis
1062 2787 1111 2841 das
1137 2789 1236 2843 Ganze

111 2883 235 2952 hetra'gt.
272 2882 372 2939 Wenn
391 2902 415 2936 a.
434 2883 468 2936 Β.
484 2901 539 2935 von
562 2885 640 2937 einer
657 2882 756 2946 drmee
775 2897 870 2951 gessgt
888 2882 973 2947 wird,
998 2881 1058 2935 dass
1073 2900 1148 2954 zwey
1167 2881 1237 2937 oder

5 2992 18 3025 ⁸.
113 2977 181 3048 drey
199 2976 296 3029 Theile
314 2977 549 3046 umgekornmen,
575 2993 606 3030 so
625 2976 697 3031 wird
719 2975 769 3032 das
794 2977 889 3031 Ganze
914 2977 964 3028 auf
988 2976 1055 3048 drey
1080 2978 1148 3028 oder
1176 2982 1236 3032 sier

110 3069 210 3126 'rhetia
233 3071 391 3126 berechnet.
425 3071 553 3142 Folglich
572 3073 688 3127 worden
711 3071 772 3124 hier
793 3069 855 3146 ⁹s10
879 3071 1011 3125 erlassen.
1068 3071 1122 3123 Die
1149 3087 1256 3139 gunzo¹

113 3167 228 3222 summe
245 3167 368 3235 betrug,
393 3166 467 3221 nach
484 3168 542 3234 111,
569 3177 612 3236 5.,
636 3165 759 3221 hundert
775 3168 912 3235 Telemo,
940 3165 997 3220 und
1016 3167 1114 3220 Conon
1131 3164 1237 3219 museto

115 3261 184 3316 rchn
203 3262 300 3332 geben.

151 3448 177 3485 a.
196 3450 282 3496 quum
300 3432 438 3502 pleraque
453 3430 609 3499 possimus]
654 3431 795 3502 Pleraque
822 3430 895 3484 steht
922 3412 985 3484 hier
1008 3431 1052 3485 isar
1071 3432 1235 3500 permulta,

115 3533 168 3581 wie
187 3531 216 3579 in
235 3526 282 3581 der
301 3527 446 3596 Proefatt'o
465 3532 493 3594 ς.
512 3545 534 3582 ι.
555 3526 710 3615 Οονηρζιινα
733 3526 802 3579 oder
818 3528 928 3597 plura,
960 3529 1104 3593 Lesarten,
1131 3525 1236 3579 welche

117 3623 177 3676 sich
201 3627 231 3676 in
271 3626 380 3690 einigen
416 3619 634 3685 Hendtchristen
659 3618 768 3685 finden,
810 3619 873 3673 sind
904 3619 995 3673 blosss
1022 3619 1240 3686 Erklirungeng

116 3715 176 3770 und
202 3717 359 3784 Heusinger
385 3715 462 3770 h‘a‘tte
490 3714 518 3786 ja
545 3714 625 3767 nieht
646 3715 736 3782 plura
755 3713 909 3782 *voreiehen
935 3714 1035 3768 tollen.
1085 3714 1181 3784 Quum
1199 3716 1243 3788 ist1

117 3828 174 3866 was
193 3815 257 3865 etsi.

189 3948 435 4024 adolescentulus]
460 3929 524 4019 ‚nie
541 3951 712 4005 deminutive
731 3954 813 4034 ij'orm
823 3951 930 4005 seheint
941 3952 1003 4004 hier
1017 3952 1117 4005 heinen
1134 3951 1257 4018 hetonf„

119 4045 189 4098 dern
205 4045 376 4100 Naohdrnek
393 4064 428 4098 eu
446 4046 553 4113 buhen,
581 4046 637 4099 und
658 4063 689 4099 to
713 4046 798 4100 findet
823 4065 888 4101 man
912 4051 952 4101 sie
980 4048 1050 4100 auch
1077 4065 1111 4099 an
1132 4045 1237 4099 andern

119 4139 256 4195 Worten.
297 4142 373 4196 Wer
395 4126 527 4210 obrigens
556 4141 722 4209 adolescens
747 4140 807 4194 und
831 4133 1062 4193 adolescentulus
1085 4141 1238 4210 cigentlich

120 4231 227 4295 heiste,
257 4233 333 4284 siehs
347 4251 382 4284 en
399 4234 518 4287 Eumen.
538 4236 568 4298 1,
586 4246 614 4299 s.
