2694 4756
113 210 176 302 196
365 213 458 283 XIV.
483 211 660 282 Datames.
716 209 796 305 Cap.
824 210 859 278 V.
887 208 942 277 ΡΙ.

107 385 136 446 b.
164 383 258 458 fecit,
278 385 371 464 quod
388 385 527 446 fidesua
542 398 628 446 esset
646 383 840 468 indignum.
877 383 966 443 Nam
986 379 1219 443 Mandroclem

165 490 359 573 Magnetem
384 489 547 552 exercitui
567 487 720 570 praefecit.
759 488 838 567 lpse
855 506 934 546 cum
952 486 1021 545 suis
1037 483 1076 545 in
1098 485 1221 564 Cappa·

165 593 297 655 dociam
331 592 487 665 discedit3
516 591 804 672 conjunctamque
842 590 924 651 huic
954 588 1233 670 Paphlagoniam.

166 712 324 780 occupat,
345 699 457 760 celans
483 718 551 778 qua
576 698 752 759 voluntate
784 708 866 755 emet
889 694 925 754 in
955 691 1094 774 Regem.
1133 692 1221 751 clam

167 822 244 864 cnm
271 802 497 876 Ariobarzane
523 802 601 863 lacit
635 799 838 872 amicitiam,
866 817 1007 860 manum
1038 809 1220 878 comparat,

166 909 265 970 urbes
281 906 429 968 munitas
449 904 519 968 suis
539 907 679 968 tuendas
699 905 807 967 tradit.

554 1088 584 1158 C
599 1109 668 1159 ar.
708 1089 772 1160 vt.

107 1273 137 1316 1.
165 1254 229 1316 Sed
256 1254 327 1319 haec
354 1268 486 1338 propter
511 1254 656 1316 hiemale
680 1267 810 1335 tempus
839 1253 954 1315 minus
977 1271 1128 1333 prospere
1151 1271 1223 1334 pro·

166 1361 338 1423 cedebant.
376 1360 504 1430 Audit,
533 1360 664 1422 Pisidas
692 1358 854 1439 quasdam
877 1358 986 1438 copias
1011 1358 1167 1418 adversus
1186 1376 1222 1418 se

166 1483 295 1544 pararet
315 1462 427 1524 filium
447 1484 489 1525 eo
509 1463 699 1526 Arsidaeum
724 1483 803 1524 cum
825 1464 972 1525 exercitu
1000 1461 1113 1524 mittit.
1135 1461 1236 1523 cadit·

165 1568 204 1629 in
239 1567 356 1650 proelio
386 1568 587 1630 adolescens.
626 1568 843 1650 proficiscitur
866 1588 907 1631 eo
942 1581 1048 1649 pater,
1077 1587 1149 1628 non
1176 1566 1223 1626 ita

161 1692 239 1734 cnm
259 1693 379 1755 magna
400 1693 524 1743 manu,
546 1673 676 1746 celans,
698 1688 864 1753 quantum
885 1672 1012 1734 vulnus
1031 1671 1227 1751 accepisset3

166 1777 259 1858 quod
280 1777 371 1859 prius
391 1777 433 1838 ad
449 1777 579 1841 hostem
601 1779 779 1859 pervenite
804 1776 974 1858 cupiebat,
1001 1778 1165 1857 quamde
1186 1795 1223 1836 re

164 1882 254 1943 male
279 1896 367 1964 gesta
392 1881 481 1945 fama
512 1884 553 1945 ad
582 1901 661 1943 suos
683 1881 889 1963 pervenirett
926 1900 969 1941 ne
999 1881 1131 1963 cognita
1158 1879 1224 1941 filii

104 2005 137 2054 a.
166 1999 273 2048 morte
293 1988 401 2050 animi
424 1987 678 2049 debilitarentur
696 1985 857 2046 militum.
899 1985 979 2072 Quo
997 1985 1223 2055 contenderat,

164 2091 334 2173 pervenit,
354 2091 474 2173 hicque
503 2091 586 2154 locis
611 2104 713 2154 castra
739 2091 852 2174 ponit,
880 2107 920 2154 ut
947 2111 1059 2173 neque
1088 2089 1223 2153 circuiri

141 2293 189 2348 vt.
209 2313 235 2348 ι.
254 2299 349 2348 minut
355 2313 491 2365 prospere
505 2295 714 2365 procedebant]
733 2295 832 2349 Cicero
850 2294 983 2364 Epistoll.
996 2295 1091 2372 Dian.
1103 2293 1176 2357 XII,
1192 2305 1223 2359 9.

105 2387 164 2442 Sed
172 2397 284 2452 tamen,
303 2398 337 2441 ut
354 2397 453 2442 omnia
467 2409 605 2462 prospere
613 2390 790 2460 procedant,
807 2391 929 2442 muttum
947 2395 1069 2440 interest
1081 2393 1224 2441 tevenire.

106 2481 172 2551 Vgl.
191 2501 226 2535 an
242 2484 338 2538 Aleta.
357 2485 412 2549 Vl,
431 2496 457 2549 5.
481 2513 515 2527 -
538 2487 692 2555 Uebrigens
724 2487 836 2538 mochte
863 2484 910 2536 ich
928 2480 1032 2535 'diesen
1058 2483 1122 2535 Sata
1145 2479 1224 2533 nicht

107 2593 159 2630 aut
176 2577 240 2630 dem
256 2579 342 2633 Teate
361 2581 534 2634 verbannen.
569 2583 609 2635 Ee
626 2581 720 2633 macht
737 2584 819 2633 einen
838 2579 1029 2631 schieklichen
1046 2577 1224 2645 Uebergang.

10 2738 12 2745 Α
106 2670 165 2740 Bey
179 2668 357 2739 dergleichen
373 2673 616 2744 Vorkehrungen,
631 2679 685 2727 nie
704 2673 810 2726 eraiihlt
828 2672 955 2739 werden,
973 2672 1055 2725 sollte
1078 2689 1144 2725 man
1168 2688 1224 2723 von

86 2798 88 2803 .
108 2760 159 2815 der
180 2763 321 2818 rastloeen
349 2765 512 2836 Thitigkelt
530 2767 588 2821 und
605 2767 669 2821 detn
687 2766 949 2835 durehdrlngenden
971 2765 1049 2819 Eifer
1066 2765 1114 2818 des
1133 2768 1225 2819 Data-

107 2873 167 2911 met
184 2853 313 2929 nichtlge
330 2859 445 2948 Erfolge
463 2876 609 2915 ernarten.
645 2863 720 2914 Aher
746 2879 774 2914 es
794 2860 936 2930 geschieht
953 2862 1047 2915 nichtt
1065 2859 1225 2914 Bedenten-

107 2951 168 3006 dot.
202 2953 278 3008 Was
295 2951 341 3006 die
357 2954 483 3008 Urtaclte
501 2973 566 3027 sey,
584 2960 657 3026 aelgt
674 2973 759 3010 unser
776 2957 849 3010 Sata.

176 3088 295 3155 vulnera]
330 3090 430 3145 Dieaet
453 3090 543 3145 Wort
566 3090 727 3145 bezeichnet
755 3089 808 3143 den
826 3090 962 3162 kestigen
987 3089 1138 3153 Salamara,
1169 3087 1226 3141 den

46 3250 47 3253 Ἴ
107 3180 184 3245 lhm,
212 3180 254 3233 als
273 3183 377 3247 Varer,
406 3179 456 3232 der
474 3180 534 3234 Tod
553 3182 602 3238 det
621 3185 727 3240 Sohnes
746 3185 796 3237 ani
820 3184 870 3238 der
888 3193 968 3239 einen
986 3187 1075 3257 Seite,
1103 3184 1155 3236 auf
1175 3183 1225 3236 der

109 3275 213 3329 andern
240 3274 291 3328 der
309 3274 420 3328 Verlntt
438 3274 486 3328 dtr
503 3278 606 3347 Lente,
633 3278 679 3333 die
701 3278 827 3350 geoplert
853 3278 1033 3349 waren,¹als
1061 3276 1224 3345 Feldherrn,

109 3369 300 3422 tetartaeltte.

142 3502 170 3537 a.
188 3485 286 3556 hisqrre
310 3488 381 3541 locis
398 3498 499 3543 castra
513 3495 611 3560 ponit]
658 3492 693 3545 In
710 3491 760 3546 der
783 3493 948 3562 Bedeut'ung
975 3510 1032 3544 von
1056 3491 1127 3542 talis
1145 3494 1182 3542 ist
1200 3494 1226 3541 is

109 3577 220 3644 ablieh,
237 3577 317 3632 nieht
333 3580 389 3635 ln'c.
424 3582 571 3637 Wirklt'ch
588 3584 683 3638 wollte
701 3587 773 3638 auch
790 3586 931 3656 Sclefser
950 3592 1039 3657 iisque
1057 3587 1144 3640 lesen.
1162 3583 1228 3651 Vll,

109 3682 136 3737 5.
173 3672 278 3727 lactan
304 3673 413 3743 detegit
440 3670 550 3745 talem,¹
577 3688 611 3731 ut
627 3694 682 3734 oet.
725 3680 806 3733 Doch
830 3681 920 3734 haben
942 3686 996 3733 nir
1014 3682 1085 3734 anch
1103 3680 1227 3732 Ettmen.

110 3765 148 3830 V,
167 3784 194 3819 a.
213 3785 303 3836 nequa
320 3786 455 3839 umquam
481 3772 656 3828 arimenum
681 3772 817 3826 accedere
840 3774 963 3838 licebat,
992 3779 1051 3826 nisi
1074 3774 1118 3825 his
1144 3775 1228 3842 locis,

108 3858 210 3927 quidm
223 3865 313 3928 pauci
326 3872 446 3930 possent
464 3867 562 3925 mattis
580 3874 723 3922 resistere.
758 3871 848 3935 Ager.
867 3866 930 3934 111,
953 3867 981 3923 6.
1007 3868 1052 3920 his
1070 3870 1141 3920 locis
1160 3887 1230 3919 ma-

109 3967 179 4003 ttam
197 3959 362 4024 conseruit,
392 3958 493 4027 artibus
507 3960 574 4029 plus
588 3962 736 4031 pedestres
760 3966 848 4027 capite
871 3963 1017 4015 valerent.
1054 3963 1135 4015 Anah
1153 3949 1228 4015 ohne

110 4041 328 4114 nachlolgendet
353 4055 419 4120 atat,
445 4057 500 4106 mit
522 4057 645 4123 clnaiger
671 4057 831 4126 Bealehung
849 4057 898 4109 anf
915 4056 965 4109 dat
984 4055 1228 4126 Vorhergehenda,

111 4136 211 4193 Clwo
229 4139 265 4194 dt
281 4152 347 4242 stat.
366 4148 444 4205 deor.
463 4148 510 4221 11,
527 4157 578 4221 57,
598 4158 658 4220 ¹⁴4·
676 4147 729 4203 sed
744 4148 832 4205 duras
850 4160 879 4204 et
896 4156 980 4220 quast
1005 4153 1153 4205 corneolos
1171 4149 1230 4207 ttae
