2694 4756
121 225 192 300 ⁹94
431 206 528 278 XIX.
553 205 721 278 Phocion.
772 203 853 303 Cep.
877 206 933 276 11.

116 397 149 462 4.
180 380 219 444 in
239 379 397 464 periculis
415 400 488 443 non
502 380 672 452 defendit,
690 378 749 442 ted
768 379 870 442 etiam
885 376 1041 462 prodidit.
1083 378 1245 443 Concidit

153 499 289 560 *autem
317 485 560 548 maximenon
584 486 743 559 crimine,
769 487 881 565 quod,
913 506 1020 564 quum
1041 486 1134 565 apud
1163 506 1242 546 euru

175 607 351 654 summum
376 605 459 653 eeeet
484 590 664 672 imperium
691 591 827 672 populi,
856 604 890 651 et
911 589 1135 662 Nicanorem,
1172 593 1243 650 Cae·

174 696 289 756 flandri
302 694 509 776 praelectum,
530 694 682 756 insidiari
696 695 804 756 Piraeo
818 692 1102 762 Atheniensium,
1121 714 1143 754 a
1160 695 1242 754 Der·

175 802 266 882 cyllo
297 816 506 878 moneretur3
542 801 702 881 idemque
734 801 932 881 postularet,
964 813 1004 859 ut
1034 799 1244 878 provideret,

173 923 219 966 ne
242 905 485 966 commeatibus
506 904 623 966 civitae
641 905 845 986 privaretur,
874 903 973 975 huic,
1003 903 1167 987 erudiente
1188 923 1240 984 po·

175 1008 275 1088 pulo,
298 1008 456 1070 Phocion
480 1011 617 1092 negavit
641 1029 712 1071 esee
738 1010 944 1090 periculum,
964 1027 1068 1087 ecque
1091 1007 1171 1085 ejus
1194 1007 1239 1068 rei

114 1111 144 1183 5,
176 1113 328 1178 obsidem
355 1112 428 1177 fore
448 1117 622 1196 pollicitus
645 1129 704 1182 eet.
743 1115 867 1194 Neque
884 1116 930 1174 ita
951 1115 1062 1174 multo
1093 1112 1240 1192 postNi·

172 1237 275 1280 canor
289 1218 398 1282 Piraeo
415 1234 464 1281 eet
476 1222 612 1302 potitus.
653 1221 712 1281 Ad
726 1239 830 1300 quem
845 1218 1111 1300 recuperandum
1130 1237 1240 1296 quum

172 1326 325 1407 populun
339 1341 485 1389 armatus
508 1325 746 1398 committet,
768 1325 828 1386 ille
846 1344 916 1385 non
938 1324 1042 1384 modo
1063 1322 1239 1383 nemiuem

90 1481 92 1486 ,
172 1432 214 1492 ad
233 1452 325 1492 arma
345 1433 495 1502 vocavit,
520 1434 579 1494 ned
602 1453 645 1494 ne
662 1429 795 1490 armatis
812 1429 949 1509 quidem
968 1446 1100 1508 praeeeee
1116 1426 1238 1494 voluit.

174 1535 262 1611 [eine
282 1555 353 1616 quo
377 1535 526 1599 Athenae
548 1536 693 1597 omnino
712 1553 782 1596 enee
805 1555 877 1595 non
898 1539 1061 1615 possunt]

113 1705 261 1781 discessit,
279 1719 358 1768 ertit
369 1715 490 1784 besiegt.
508 1715 545 1769 So
564 1714 637 1768 anch
654 1715 717 1769 hier
730 1715 873 1766 liberatus
888 1713 1071 1778 discesserat,
1090 1731 1123 1764 er
1136 1712 1239 1766 nurde

106 1824 371 1899 strygesprochen.
406 1829 450 1880 lm
469 1824 670 1881 Griechirchen
688 1825 752 1878 eind
771 1843 803 1878 eo
821 1841 872 1893 gar
895 1815 1070 1892 φεύγοντες,
1093 1806 1240 1874 διώκοντες

113 1937 181 1975 etate
199 1921 250 1974 der
268 1921 475 1988 Angellagten
492 1919 552 1974 und
571 1921 733 1988 Anilager.
768 1921 805 1974 So
831 1918 941 1973 vcrhiilc
968 1936 997 1970 ee
1017 1917 1076 1970 eich
1095 1916 1171 1968 ench
1188 1919 1239 1968 ruit

110 2012 259 2069 dimittere
277 2015 408 2069 Hannib.
425 2014 494 2080 lll,
511 2025 539 2080 5.
559 2015 628 2080 lV,
649 2035 674 2070 r.
717 2053 720 2058 -

182 2138 214 2188 in
229 2134 380 2204 periculis]
416 2134 549 2188 Pericula
567 2132 632 2187 sind
650 2134 711 2187 hier
726 2133 915 2203 gerichtliche
934 2133 1105 2206 Gefalrren,
1124 2134 1238 2188 Anlrla-

111 2244 178 2298 μη.
216 2228 316 2283 Cicero
333 2228 454 2282 brancht
472 2228 563 2282 di'eeee
581 2229 671 2283 Wort
689 2235 719 2283 ln
738 2235 833 2284 teinen
852 2232 946 2284 Reden
966 2229 1128 2297 vorzuglich
1149 2229 1193 2283 oft
1209 2233 1238 2283 ln

111 2323 217 2378 dictem
235 2325 332 2379 hinne.
369 2327 434 2378 Au.
455 2323 531 2387 llll,
549 2342 576 2378 e.
613 2325 669 2378 Mu
681 2325 832 2394 judicium
851 2326 1072 2391 capitiserklirt
1090 2341 1120 2376 ee
1138 2323 1239 2378 Ruhn-

111 2421 212 2473 tentus
229 2439 263 2472 uu
281 2421 349 2474 ltut.
371 2420 441 2488 Lup.
460 2437 488 2490 p.
507 2433 554 2483 27.
1184 2405 1189 2414 ⁷

145 2547 174 2605 4.
192 2539 273 2608 quod
287 2574 314 2585 -
335 2573 361 2585 -
381 2539 558 2594 -Phocion
585 2528 726 2610 negauit]
761 2541 839 2595 Diese
858 2544 896 2593 iet
920 2538 1070 2608 cigentlich
1093 2537 1142 2613 dic
1162 2541 1239 2594 cons

112 2639 269 2698 struction,
286 2639 339 2686 wie
360 2636 469 2700 Agesil.
490 2635 546 2699 IV,
565 2635 594 2689 6.
615 2635 693 2704 quod
709 2669 736 2680 -
756 2669 784 2681 -
803 2669 830 2681 -
856 2635 1006 2686 antetulit.
1045 2633 1107 2684 Nur
1128 2633 1239 2686 echeint

111 2728 259 2781 Corneliue
285 2729 364 2795 hier,
393 2729 457 2782 weil
487 2730 588 2783 erden
613 2729 742 2783 Nahmen
762 2730 886 2783 Phocion
912 2727 1111 2780 ausdrucklich
1129 2739 1239 2790 neunt,

111 2827 172 2875 teln
190 2822 286 2884 obigee
305 2823 382 2890 quod
399 2827 557 2893 ein-wenig
580 2832 737 2891 vergeeeeh-
750 2844 784 2876 uu
803 2824 904 2876 haben.
939 2824 979 2875 Er
998 2836 1060 2888 eagt
1075 2821 1238 2877 niihmlrch:

110 2913 154 2967 Er
170 2915 321 2979 (Phocion)
346 2916 450 2969 rrurde
467 2915 598 2969 dodurcle
624 2927 777 2987 gestiret,
809 2919 882 2972 Weil
911 2917 1034 2971 Phocion
1053 2915 1240 2986 behauptete.

109 3008 250 3061 Aehnlioh
268 3015 306 3065 iet
324 3011 466 3064 Eumenes
484 3014 544 3079 lll,
562 3021 590 3078 3.

146 3129 177 3186 5.
196 3123 271 3190 [sine
297 3142 352 3190 quo
379 3103 503 3176 Athence
527 3129 645 3178 omnino
671 3140 731 3175 esse
755 3139 813 3175 non
834 3120 990 3192 possunt]]
1025 3121 1112 3174 Dieee
1129 3120 1237 3176 Worte

112 3213 176 3269 eind
195 3217 318 3271 insueret
335 3218 539 3286 ehgebrochen.
575 3220 675 3276 Wonn
694 3222 734 3270 eie
760 3234 791 3269 eo
817 3234 853 3268 an
880 3215 930 3268 dae
949 3219 1054 3284 Vorige
1077 3214 1238 3285 angelringt

111 3309 239 3376 werden,
257 3310 318 3364 dese
336 3330 402 3366 man
417 3317 458 3366 eie
475 3313 605 3368 erhliiren
624 3315 746 3375 kiinnte,
764 3329 851 3379 quum
866 3319 964 3363 tamen
982 3293 1049 3362 eine¹
1063 3328 1095 3361 eo
1113 3309 1239 3363 Athenae

111 3411 228 3459 omnino
247 3389 308 3459 este
325 3427 383 3460 non
398 3412 528 3475 possint,
548 3426 579 3475 eo
598 3406 717 3462 etinden
736 3409 776 3459 sie
795 3420 854 3474 gut.
890 3405 984 3457 Allein
1010 3403 1080 3457 diest
1099 3407 1137 3457 iet
1157 3405 1238 3458 nicht

54 3553 68 3577 ·
112 3500 163 3555 der
180 3500 248 3556 Fall.
284 3503 395 3555 Darnm
420 3500 510 3554 haben
538 3496 578 3554 eie
605 3505 696 3569 einige
724 3499 857 3555 Gelehrte
881 3485 916 3552 uu
943 3513 1086 3551 vertetzen
1108 3498 1238 3566 geeucht.

114 3597 169 3650 Die
191 3601 272 3650 einen
291 3612 383 3650 tetzen
406 3601 447 3649 eie
465 3596 537 3649 nach
550 3602 679 3663 potitus,
706 3593 750 3648 die
773 3593 880 3646 andern
897 3592 970 3646 nach
988 3592 1249 3661 recuperandum

114 3691 200 3744 ellein
215 3709 251 3744 en
268 3689 377 3761 heyden
397 3690 491 3743 Oeten
509 3690 605 3742 rtehen
625 3693 665 3742 eie
682 3681 762 3742 nicht
780 3684 952 3741 echicklich,
981 3690 1040 3742 Mir
1053 3688 1184 3740 echeinen
1196 3692 1238 3740 eie

114 3783 165 3838 der
180 3786 283 3838 Zueete
297 3769 372 3837 einer
392 3783 613 3855 interpolatore,
631 3784 753 3836 welcher
771 3787 867 3849 zelgen
884 3781 997 3846 wollte,
1015 3775 1072 3834 wne
1087 3782 1135 3834 fiir
1153 3787 1237 3836 einen

114 3877 227 3948 groseen
245 3878 343 3931 Fehler
359 3878 485 3932 Phocion
499 3878 645 3947 begangen
663 3878 749 3941 habe,
767 3877 862 3932 dedic
880 3876 960 3932 Stadt
975 3877 1067 3929 Athen
1080 3876 1154 3928 ohne
1172 3875 1237 3930 dle-

114 3987 163 4024 ten
182 3971 318 4025 Seehalen
336 3972 414 4026 nicht
439 3972 572 4025 beetehen
595 3973 698 4026 kenne.
734 3962 814 4025 Doch
834 3971 930 4038 glaubt
948 3970 1059 4023 l'reund
1077 3969 1253 4024 Dederlein-

116 4066 172 4117 und
188 4065 291 4119 andere
308 4065 457 4131 Gelehrte,
481 4064 673 4120 nahmemlich
693 4065 744 4120 der
760 4066 944 4119 Unbekannte
964 4070 991 4116 in
1013 4065 1062 4116 der
1080 4065 1237 4118 kritischen

114 4160 291 4231 Bibliothek,
319 4163 364 4217 die
383 4163 486 4231 Worte
505 4161 601 4218 etehen
621 4159 773 4216 echicklich
791 4161 864 4213 nach
883 4178 911 4210 es
927 4165 1039 4229 potitus
1050 4179 1059 4218 ‚·
1081 4160 1163 4212 theile
1184 4175 1237 4228 ge-
