2694 4756
282 296 283 299 Ἴ
319 285 324 291 ,
373 195 442 270 XV.
467 196 732 295 Epaminondas.
784 198 862 296 Cap:
887 199 948 270 IV.
1157 221 1224 294 ets.)

110 370 145 436 3.
177 371 227 461 Tu
243 372 326 452 quod
355 392 402 433 me
422 373 607 452 incognitum
631 374 768 447 tentasti,
799 374 903 451 tuique
923 371 1051 433 similem
1073 372 1227 434 existima·

110 535 112 540 .
173 478 229 550 sti,
252 494 313 537 non
344 479 458 550 miror,
480 475 592 556 tibique
616 479 760 556 ignosc03
781 477 833 536 sed
860 477 999 557 egredere
1024 495 1168 557 propere,
1189 498 1227 538 ne

173 573 254 641 aiios
279 600 471 662 corrumpas,
500 601 596 661 quum
629 601 677 641 me
701 602 762 642 non
790 585 933 663 potueris.
974 581 1042 650 Tu,
1074 566 1226 661 Micythe,

174 699 333 763 argentum
349 674 420 745 huic
436 683 541 758 reddc;
563 687 621 746 nisi
641 686 672 746 id
693 685 848 767 confestim
862 686 960 770 facis,
983 705 1038 766 ego
1056 700 1082 746 te
1103 688 1226 748 tradam

112 806 144 868 4.
175 791 379 868 magistratui.
418 788 526 855 Hunc
555 788 752 850 Diomedon
786 809 892 868 quum
924 804 1066 873 rogaret,
1102 806 1135 852 ut
1161 806 1226 853 tuto
1305 844 1309 851 .

174 896 278 965 exire,
297 912 430 972 suaque,
457 913 524 973 que
540 894 703 969 attulisset,
725 896 825 956 liceret
838 895 963 978 efferre.-
982 896 1078 957 Istud
1092 891 1227 977 quidem,

71 1027 78 1042 ·
174 996 301 1076 inquit,
314 997 456 1080 faeiam3
476 1018 571 1077 neque
588 1012 640 1058 tua
663 1020 790 1073 caussa,
814 1001 866 1065 seri
886 1005 973 1061 mea:
995 1020 1050 1074 ne,
1072 1003 1098 1061 si
1117 1001 1171 1060 tibi
1188 1003 1232 1061 sit

171 1106 300 1182 pecunia
311 1105 470 1183 adempta,
490 1104 603 1182 aliquis
614 1105 710 1173 dicat,
733 1106 764 1166 id
778 1107 820 1184 ad
840 1125 886 1164 me
900 1094 1034 1184 ereptum
1046 1106 1232 1185 pervenisse,

113 1209 143 1270 5.
173 1202 258 1286 quod
269 1206 402 1268 delaium
413 1211 546 1289 accipere
563 1210 735 1290 noluissem,
775 1211 808 1270 A
831 1228 900 1288 quo
914 1227 1021 1289 quum
1042 1209 1231 1286 quaesisse't,

174 1332 236 1390 quo
262 1331 293 1375 se
323 1312 432 1372 deduci
460 1313 565 1385 veliet,
593 1327 625 1388 et
648 1312 721 1387 itte,
743 1314 902 1386 Athenas,
939 1310 1092 1385 dixisset,
1125 1315 1235 1394 presi·

177 1415 274 1475 dium
293 1416 406 1490 dedit,
423 1430 518 1479 uteo
537 1433 606 1478 tuto
628 1415 826 1498 perveniret.
865 1415 987 1495 Neque
1000 1435 1080 1477 vero
1102 1414 1136 1477 id
1154 1417 1235 1479 sotis

174 1512 306 1594 habuit,
329 1521 383 1583 sed
408 1521 529 1594 etiam,
550 1536 589 1582 ut
610 1521 793 1604 inviolatus
813 1519 850 1580 in
869 1539 991 1581 navem
1011 1519 1235 1592 adscenderet,

176 1643 233 1702 per
251 1622 426 1685 Chabriam
450 1623 719 1697 Atheniensem,
739 1626 781 1686 de
805 1641 874 1704 quo
899 1642 997 1704 supra
1021 1625 1231 1686 mentionem
1326 1618 1329 1625 ’

112 1728 142 1790 6.
173 1727 328 1805 fecimus,
347 1727 470 1791 effecit.
509 1728 734 1791 Abstinentiae
748 1727 809 1789 erit
824 1729 887 1789 hoc
899 1727 976 1790 satis
990 1727 1233 1792 testimonium.

112 1933 271 2002 Erhlirung
288 1933 404 1987 auderes
416 1931 567 1986 Gelehrten
586 1896 728 1998 verwirit,
746 1930 852 1984 welche
867 1949 921 1997 pro
933 1930 979 1984 sur
989 1931 1039 1989 slas
1049 1931 1231 1987 Grieohischo

72 2093 76 2101 ‚
112 1992 180 2095 uitri
195 2041 301 2094 hulten.
335 2027 417 2094 ’Arei
447 2039 517 2094 wird
541 2039 611 2092 eben
630 2056 660 2091 so
679 2039 840 2109 gebraucht.
877 2040 958 2093 Siehe
980 2041 1122 2124 Matthire
1147 2042 1231 2111 Gris-

113 2137 225 2188 ohisohe
244 2137 419 2190 Grammatik
437 2140 464 2201 ς.
478 2147 540 2201 57²·
557 2136 658 2190 Wcun
677 2139 717 2188 sis
737 2152 765 2187 es
784 2133 873 2186 durch
888 2152 950 2202 prm
962 2135 1118 2198 erhlirteo,
1139 2140 1169 2188 so'
1182 2155 1230 2190 sa·
1306 2191 1308 2197 ,

112 2229 166 2282 hen
181 2234 221 2281 sie
233 2229 431 2283 mehrettfden
438 2229 607 2294 Gedsulsen,
626 2247 657 2281 er
667 2227 842 2280 bestimmter
859 2229 910 2280 suf
925 2229 974 2282 das
994 2230 1118 2283 einzelne
1129 2231 1229 2286 Wort.

150 2383 178 2440 4.
197 2383 354 2443 ncqrsetna
372 2340 476 2426 causs‘a
497 2372 551 2425 sed
573 2371 650 2443 mea]
693 2371 728 2424 So
762 2385 831 2424 seret
860 2365 910 2425 der
933 2375 1060 2426 Lateiner
1085 2387 1153 2426 stato
1180 2371 1228 2426 des

113 2469 259 2524 GenitIves
277 2467 325 2522 des
348 2467 543 2539 persiiuliohen
561 2469 717 2520 Furnos-tes
742 2466 792 2518 des
819 2467 1012 2518 possessivum
1037 2486 1135 2533 metes,
1161 2477 1228 2520 tuus
1295 2531 1297 2535 v
1327 2453 1332 2462 ¹

112 2582 143 2616 u.
173 2581 195 2618 s.
213 2583 248 2617 w.
268 2568 319 2616 mit
336 2560 497 2633 Beeiehun‘g
515 2563 566 2616 sui
582 2562 631 2615 des
649 2561 775 2626 Nomen,
805 2559 862 2612 und
887 2550 962 2613 nwar
986 2562 1157 2615 erstens⁰ihr
1173 2563 1227 2616 den

113 2658 262 2712 Genitivus
287 2659 334 2712 des
357 2658 497 2729 Suhjootes
517 2654 638 2729 faelem
658 2653 690 2706 id
706 2674 770 2706 mea
795 2673 898 2708 cntessa
916 2656 974 2708 und
998 2672 1136 2728 zweytens
1155 2659 1226 2711 euch
1322 2654 1326 2663 '

112 2752 161 2806 foe
177 2752 229 2805 deu
249 2755 361 2808 Genitiv
381 2752 428 2807 des
448 2749 697 2822 Ohjeots'faeiam
716 2744 816 2800 id'ttto
836 2769 957 2814 caussa,
983 2770 1063 2804 wenn
1081 2736 1226 2806 niihmiich

112 2846 163 2899 des
181 2847 343 2900 subs-tentio
360 2842 441 2899 nicht
468 2851 528 2898 eine
551 2843 733 2913 Eigensehait
752 2842 801 2895 der
821 2844 898 2898 Seele
927 2843 994 2897 oder
1023 2846 1104 2898 eiheu
1134 2845 1227 2898 Affect

110 2932 292 3003 hezeiohuet,
321 2939 386 2992 weil
413 2954 491 2991 soust
514 2937 603 2991 leioht
627 2943 689 2990 eine
717 2935 955 3006 Zweydeutigkeit
973 2937 1041 2991 oder
1067 2939 1227 2992 withlichee

110 3033 314 3088 Miserersteud
333 3034 477 3086 entstehen
498 3032 614 3086 kdnnte.
649 3032 730 3085 Doch
747 3031 838 3086 heheu
856 3037 908 3084 wir
924 3033 978 3104 hey
995 3034 1105 3087 Terens
1123 3036 1226 3086 Heau-

112 3136 187 3181 tont.
207 3127 253 3189 ΙΙ,
275 3146 340 3186 111,
357 3125 402 3180 66.
421 3123 561 3177 desiderio
575 3134 625 3177 tuo
643 3125 702 3179 und
718 3125 848 3179 Phormio
860 3128 910 3192 Π,
928 3145 1006 3191 vm,
1024 3142 1068 3194 27.
1086 3126 1151 3179 odio
1164 3135 1225 3180 tuo.
1246 3183 1251 3196 Ι

111 3221 294 3275 Rtebnienitts
327 3235 387 3288 ssgt
413 3218 541 3272 indesseu
570 3238 604 3272 zu
623 3223 786 3274 Heautoni.
809 3221 930 3275 Proles.
950 3231 993 3284 ts.
1019 3240 1102 3286 ,mea
1121 3240 1224 3274 caussa
1305 3227 1309 3235 '

64 3376 69 3387 ι
111 3314 267 3382 elegantius
285 3332 318 3366 cx
335 3330 389 3364 usu
404 3329 527 3366 veterum
545 3313 646 3367 dicitur
662 3331 748 3386 quem
765 3319 822 3376 mei
847 3319 980 3368 caussa.”
1014 3313 1114 3384 Neque
1131 3315 1227 3368 -sed

110 3407 179 3460 hel.
198 3407 269 3459 doch
287 3406 368 3459 nicici
384 3425 416 3460 so
429 3407 510 3459 moisi
526 3441 552 3453 -
571 3407 628 3460 als.

145 3531 172 3588 5.
191 3523 304 3596 deduci]
339 3527 397 3579 Des
416 3525 538 3579 Verhum
558 3531 703 3609 proprium
722 3546 778 3593 von
798 3496 880 3592 dem,
898 3528 947 3582 der
965 3546 1020 3581 von
1042 3525 1133 3582 eiuem
1152 3528 1224 3583 Orto

113 3635 177 3671 eum
195 3619 298 3707 endem
313 3623 358 3674 ein
377 3617 469 3675 Gelsit
487 3621 588 3676 erh'a'lt.
625 3623 711 3676 Corte
727 3642 761 3675 su
778 3625 905 3675 Sallusts
920 3618 1011 3677 Catil.
1029 3641 1061 3707 o,
1073 3630 1119 3691 55¹.

179 3743 210 3790 in
228 3756 335 3793 nauem
353 3739 534 3809 ascenderet]
570 3740 634 3810 Vgl.
653 3759 687 3794 uu
705 3741 840 3796 Themist.
854 3741 982 3808 v111‚6.

144 3855 172 3912 6.
191 3858 377 3914 obstinentioe
395 3864 451 3914 ertt
468 3859 521 3912 hoe
537 3865 613 3913 satis
631 3859 843 3933 testimonium]
876 3863 947 3916 Men
971 3861 1046 3914 muss
1071 3860 1161 3913 dieses
1191 3877 1223 3911 so

106 3955 305 4004 construimus
324 3951 388 4004 Hoc
406 3959 603 4006 testimoninm
622 3955 809 4008 abstinentia
826 3961 902 4008 satis
922 3963 978 4010 erit
992 3961 1011 4010 i.
1032 3973 1057 4008 e.
1077 3952 1223 4026 sufficiet.

108 4043 239 4098 Hannib.
258 4046 299 4111 V„
318 4055 344 4110 4.
381 4045 429 4098 leh
448 4045 569 4116 glaube,
594 4065 658 4102 men
683 4057 777 4102 musso
795 4056 963 4120 wentgstens
980 4044 1035 4122 hey
1052 4051 1224 4114 Proseisten,

108 4153 153 4192 wo
172 4141 271 4193 immet·
289 4129 428 4208 uidglioh,
446 4137 501 4194 deu
518 4141 582 4196 Sstz
600 4143 759 4200 sostelleu.
794 4146 877 4218 ΖΜ
894 4145 973 4199 weiss
990 4144 1036 4198 ioh
1053 4143 1145 4212 wohl,
1162 4141 1223 4197 deis
