2694 4756
115 198 215 269 coo‘
334 196 424 267 XIV.
463 197 638 268 Datames.
689 199 771 294 (ap.
799 201 878 270 VII.
906 202 1007 271 VIII.

171 368 236 432 sibi
254 390 332 431 cum
348 371 421 433 viro
435 371 512 434 forti
530 393 568 434 ac
580 386 718 433 strenuo
731 373 905 454 negotium
919 393 1004 448 eme,
1024 370 1105 454 qui,
1120 388 1232 451 quum

171 473 357 555 cogitasset,
374 475 494 537 tacere
513 477 666 549 auderet,
696 491 730 538 et
748 479 839 559 priua
858 480 1017 561 cogitare,
1049 497 1153 556 quam
1181 496 1234 536 co·

172 578 260 652 uari,
289 595 495 654 consuesset,
523 580 813 661 Autophradatem
834 581 872 642 iu
894 582 1137 663 Cappadociam
1158 580 1233 642 mih

26 708 29 717 ·
113 702 143 750 t·
173 682 223 745 tit.
255 683 325 744 Hic
346 705 389 747 ne
410 685 533 747 intrare
547 701 665 765 poscet,
681 686 822 758 saltum,
839 686 877 746 in
897 706 968 765 quo
985 684 1111 746 Ciliciae
1131 697 1234 764 portas

112 787 142 850 3.
172 803 252 849 sunt
270 789 354 863 sitae,
385 789 545 851 Datames
565 809 790 872 praeoccupare
808 790 949 850 studuit.
997 789 1062 849 Sed
1088 803 1156 848 tam
1179 807 1235 847 su·

171 892 244 953 bito
265 894 375 974 copias
399 894 593 955 contrahere
612 915 684 955 non
705 894 826 975 potuit.
865 916 886 956 a
910 915 977 973 qua
1003 914 1038 953 re
1058 894 1232 973 depulsus,

172 1012 250 1054 cum
271 1014 310 1054 ea
330 976 452 1069 manu,
473 1017 577 1078 quam
596 1013 817 1074 contraxerat,
846 1001 959 1059 locum
977 999 1101 1078 delegit
1120 999 1234 1073 talem,

172 1112 212 1159 ut
231 1119 343 1181 neque
363 1100 556 1164 circuiretur
583 1103 624 1163 ab
650 1102 819 1178 hostibus,
850 1123 963 1182 neque
983 1103 1158 1183 preteriret
1178 1103 1235 1162 ad·

171 1205 353 1278 versarint,
374 1205 461 1284 quin
484 1206 686 1287 ancipitibus
711 1209 794 1270 locis
819 1225 1039 1288 premeretur,
1059 1220 1113 1280 et,
1131 1205 1161 1266 ei
1183 1202 1234 1264 di-

90 1336 96 1346 ·
171 1307 293 1368 micare
313 1328 392 1370 cum
411 1330 452 1370 eo
474 1311 597 1384 vellet,
630 1332 699 1371 non
733 1312 882 1372 multum
901 1313 1016 1372 oberte
1043 1308 1233 1370 multitudo

172 1410 321 1474 hostium
338 1432 405 1474 sua
425 1416 583 1496 paucitati
604 1431 723 1497 posset.

554 1598 665 1671 Cae.
701 1600 798 1672 VIII.

114 1779 142 1822 ι.
175 1758 258 1825 Hac
278 1763 338 1825 etsi
361 1765 629 1846 Autophradatec
650 1765 802 1836 videbat,
829 1780 942 1825 tamen
961 1762 1076 1824 statuit
1095 1781 1230 1849 congre·

173 1866 226 1941 di,
256 1888 357 1948 quam
387 1890 465 1931 cum
492 1871 592 1932 tantis
608 1870 712 1952 copiis
731 1870 899 1951 refugere,
918 1885 976 1930 aut
993 1884 1060 1930 tam
1081 1869 1144 1930 diu
1156 1888 1231 1929 uuo

181 2078 244 2143 qui,
262 2091 348 2142 crium
367 2079 543 2153 cogitasset,
561 2077 629 2141 een]
663 2074 718 2126 Die
728 2072 837 2143 heyden
856 2074 972 2127 Glietler
984 2075 1032 2130 det
1047 2075 1142 2128 Satres
1159 2074 1226 2130 sind

112 2167 283 2236 keiuetwegs
305 2167 395 2236 gleich
414 2165 586 2232 hedeutend,
613 2172 666 2220 wie
686 2173 777 2234 einige
800 2168 936 2236 Aualeger
951 2170 1087 2237 glauben3
1108 2170 1230 2223 scudem

111 2260 161 2315 das
193 2278 295 2314 erstere
324 2259 445 2313 schreibt
476 2258 540 2313 dem
570 2263 703 2315 Datames
728 2261 817 2314 Muti
849 2283 899 2315 aur
926 2264 1109 2333 Ausiuhmng
1136 2269 1232 2317 seiuer

110 2358 197 2414 Plane
215 2375 268 2422 au,
296 2354 344 2409 dat
365 2355 479 2410 letatere
509 2356 773 2424 Ueberlegsamlreit
790 2356 844 2427 hey
867 2357 1051 2425 Entwerfung
1068 2355 1229 2410 derselbeni

112 2454 250 2521 Cogitate
275 2456 313 2504 ist
334 2451 383 2505 dat
416 2451 534 2512 verbum
560 2455 705 2523 proprium
735 2468 801 2507 vom
827 2455 989 2504 Aussiuneu
1012 2450 1071 2503 und
1093 2450 1229 2505 Erfiudcu

111 2566 168 2601 von
189 2548 303 2600 Plancu.

179 2682 265 2734 qrsam
295 2667 408 2730 conari]
454 2663 562 2714 Conari
589 2663 638 2716 hat
658 2666 719 2716 hier
748 2663 802 2715 den
829 2663 1014 2732 aligemeinen
1034 2663 1144 2731 Begrifi
1169 2683 1228 2716 urt-

110 2759 286 2812 iernelrmen.
323 2758 416 2810 Daher
438 2758 597 2810 bezeichuet
621 2775 649 2810 es
675 2756 800 2825 augleIch
819 2756 873 2808 (lert
896 2766 992 2809 ersten
1028 2758 1140 2811 Schritt
1170 2777 1224 2811 aur·

111 2853 292 2922 dusiithrung
311 2857 387 2905 einer
406 2854 507 2914 Sache,
536 2850 596 2904 und
615 2851 723 2903 enthiilt
742 2850 796 2902 den
815 2846 986 2903 Getanten:
1013 2853 1147 2906 Datames
1169 2853 1226 2906 ha-

109 2950 158 3012 be,
177 2949 226 3000 ehe
245 2967 275 3000 er
298 2948 347 3000 das
368 2929 518 3016 Geringste
543 2947 730 3009 unternahm,
757 2946 843 2998 echon
865 2940 1056 2996 vollkommen
1077 2945 1131 2998 den
1156 2963 1229 3015 gan-

109 3062 159 3097 acn
177 3044 244 3096 Plan
264 3044 305 3094 his
326 3043 441 3095 auidas
465 3043 645 3095 entscrnteste
668 3041 745 3094 Ende
775 3041 825 3094 der
853 3041 940 3094 Sache
970 3039 1140 3117 entworfen,
1167 3040 1229 3094 und

109 3136 154 3191 die
176 3137 361 3205 Mfigltchketr
380 3142 473 3188 eeiner
491 3134 674 3203 A'ussithrung
691 3136 859 3188 ubereehen.
893 3136 928 3187 In
952 3143 1118 3186 consuesset
1138 3133 1226 3204 liegt,

109 3234 169 3289 dass
189 3252 255 3286 man
277 3232 331 3285 deu
351 3234 480 3284 Datames
499 3247 549 3282 aus
565 3228 726 3296 Erfahrung
743 3246 774 3279 eo
797 3231 920 3298 gekauttt
939 3229 1023 3289 habe,

144 3370 172 3405 a.
191 3352 299 3404 Cilicia
313 3349 423 3419 portae]
459 3351 552 3402 Portae
564 3349 660 3400 stehen
677 3347 719 3398 oft
736 3351 773 3398 im
788 3347 981 3401 Lateinischen
996 3346 1042 3399 tm
1055 3351 1227 3414 angustiae.

109 3459 186 3512 Eheu
214 3476 245 3512 so
263 3460 380 3512 braucht
400 3459 449 3512 der
469 3458 588 3511 Grieche
606 3448 710 3508 πύλαι.
745 3457 994 3511 Wahrschcinlich
1018 3460 1127 3510 kommt
1149 3458 1228 3511 dicte

107 3553 272 3620 Bedeutung
293 3551 395 3617 daher,
422 3551 486 3604 weil
509 3551 554 3602 die
579 3566 668 3620 engen
693 3551 776 3603 Piisse
796 3550 858 3603 dem
884 3551 977 3605 Laude
997 3553 1150 3617 gleichsam
1170 3555 1226 3605 wie

107 3646 220 3699 Psorten
243 3664 293 3700 aur
309 3644 488 3698 Schutzwehr
509 3644 625 3698 dIenen..
658 3645 756 3697 Cicero
773 3659 834 3712 sagr
854 3663 908 3696 von
925 3644 1019 3699 diesen
1034 3647 1164 3700 Piortcn:
1184 3644 1228 3697 ad

46 3778 49 3784 ‚
107 3744 188 3796 Fam.
207 3742 275 3802 XV,
295 3751 319 3804 4.
338 3739 394 3791 dito
416 3748 485 3791 stent
506 3738 605 3791 aditus
623 3743 653 3790 in
672 3739 805 3790 Ciliciam
823 3756 859 3788 ca
876 3739 980 3807 Syria,
1007 3759 1127 3808 quorum
1142 3738 1244 3792 uter-¹

26 3898 28 3902 ,
107 3854 159 3903 qtae
181 3840 284 3903 parvis
305 3833 449 3901 presidiis
472 3841 591 3902 prepter
609 3838 764 3900 angustias
790 3829 946 3884 intercludi
970 3841 1085 3903 potest,
1109 3851 1161 3886 nec
1179 3839 1226 3885 est

105 3928 260 3998 quidquam
280 3929 382 3980 Cilicia
407 3928 510 3979 cohtra
533 3930 651 3998 Syriam
675 3928 826 3976 munitius.

141 4031 167 4086 5.
187 4021 362 4088 ancipitibus
380 4022 462 4086 locis]
499 4020 567 4073 Man
585 4021 649 4075 cehe
667 4020 808 4072 Themin.
827 4016 892 4082 Ill„
916 4028 946 4083 5,

139 4138 218 4195 Vill.
241 4162 265 4194 r.
285 4149 383 4192 tamen
402 4117 512 4191 statuit
538 4135 690 4206 congredi,
707 4139 806 4207 quam]
843 4138 902 4189 Der
916 4137 1131 4208 Comparativut
1153 4153 1220 4188 ma-
