2694 4756
204 135 208 141 ·
313 202 316 208 ’
414 170 995 295 i⁴1.tysander.c'ap.111.tit
1168 217 1234 292 «ῃ

175 357 340 459 proiectus
354 386 437 437 esset
452 373 488 435 in
504 372 673 447 Africam,
693 371 842 433 muitum
858 390 937 433 eum
958 366 1122 433 antistites
1141 355 1239 432 iovis

176 462 379 541 fefellerunt.
419 478 506 538 Nam
535 499 605 539 nou
625 479 736 538 solum
758 476 927 556 corrumpi
948 496 1019 537 non
1041 488 1239 556 potuerunt,¹

175 584 345 646 sedetiam
361 584 483 666 legatos
503 582 742 644 Lacedaemona
758 580 931 656 miserunt,
952 580 1013 661 qui
1026 580 1240 661 Lysandrum

175 702 386 761 accusarent,
418 689 511 768 quod
542 688 724 749 sacerdotes
754 685 824 747 faui
857 704 1067 767 corrumpere
1102 698 1240 746 conatus

111 797 143 874 4.
180 808 271 855 esset.
313 793 499 855 Accusatus
531 793 595 855 ho'c
621 791 779 863 crimine,
815 789 1041 870 judicumque
1068 791 1241 851 absolutus

174 897 364 970 sententiis,
403 897 642 961 Orchomeniis
664 896 784 957 missus
805 895 976 970 subsidio,
1005 894 1133 957 occisus
1158 909 1242 957 esta

109 1004 142 1067 5.
174 1003 346 1075 Thebanis
379 1005 468 1084 apud
496 1002 717 1063 Haliartum·
757 1000 870 1086 Quam
905 1020 983 1061 vere
1015 1000 1056 1060 de
1088 1020 1127 1060 eo
1158 998 1243 1061 foret

175 1106 386 1186 judicatum,
420 1107 524 1170 oratio
553 1105 681 1168 indicio
708 1104 797 1176 fuit,
830 1122 904 1184 quae
933 1106 1007 1185 post
1036 1120 1177 1166 mortem
1204 1104 1243 1167 in

179 1214 280 1273 domo
308 1211 383 1289 ejus
415 1228 541 1293 reperta
566 1225 635 1287 est,
664 1210 701 1273 in
730 1230 796 1290 qua
820 1211 937 1270 suadet
960 1209 1245 1285 Lacedaemoniis,

177 1330 230 1391 ut,
260 1316 348 1398 regia
367 1330 525 1397 potestate
546 1317 726 1390 (Resoluta,
749 1322 792 1377 e'x
810 1315 970 1377 omnibus
989 1314 1061 1375 dux
1082 1313 1246 1397 deligatur
1301 1295 1305 1302 ¹

179 1422 220 1484 ad
242 1423 370 1483 bellum
395 1423 604 1504 gerendum
624 1423 681 1483 sed
703 1422 748 1482 ita
764 1421 903 1502 scripta,
932 1433 971 1481 ut
994 1420 1135 1481 deorum
1156 1420 1246 1481 vide·

179 1540 268 1588 tetur
289 1546 470 1610 congruere
487 1527 669 1599 sententiae,
703 1545 804 1605 quarn
832 1516 892 1585 ilie
916 1542 949 1584 se
975 1522 1170 1586 habiturum
1192 1543 1246 1604 pe-

179 1632 280 1695 cunia
302 1631 411 1691 fidens
443 1651 512 1705 non
545 1631 725 1694 dubitabat.
780 1629 881 1690 Hanc
902 1630 934 1689 ei
958 1628 1121 1709 scripsisse
1138 1627 1246 1690 Cleon

179 1734 454 1797 Halicarnasseus
478 1735 611 1797 dicitur.

583 1883 686 1954 Cau
719 1864 782 1954 IV.

75 2018 79 2031 ’
117 2028 151 2086 iz
180 2012 299 2105 Atque
331 2016 397 2086 hoc
432 2026 506 2087 loco
532 2047 603 2087 non
632 2039 680 2087 est
704 2025 970 2106 pratereundum
999 2009 1248 2091 factumPhar·

161 2131 316 2202 'nabazh
339 2131 474 2211 satrapis
492 2130 602 2214 Regii.
642 2130 732 2191 Nam
754 2150 862 2210 quum
887 2131 1059 2211 Lysander
1077 2133 1248 2213 praefectus
1325 2212 1327 2217 Ι

129 2228 132 2233 ’
179 2235 289 2296 classis
312 2235 348 2294 in
365 2237 453 2296 bello
469 2237 576 2296 multa
594 2234 773 2296 crudeliter
789 2255 954 2314 avareque
968 2235 1115 2322 fecisset,
1137 2238 1249 2317 deque

179 2330 233 2401 his
255 2342 352 2401 rebus
367 2339 586 2420 suspicaretur
602 2340 643 2400 ad
662 2339 752 2400 cives
768 2355 845 2399 suos
859 2357 929 2399 esse
947 2340 1129 2420 perlatum,
1152 2339 1248 2422 petiit

182 2464 201 2504 a
226 2444 460 2519 Pharnabazo,
491 2460 529 2506 ut
549 2447 591 2505 ad
611 2442 765 2524 Ephorus
789 2441 854 2503 sibi
880 2444 1112 2506 testimonium
1134 2446 1247 2521 daret,

182 2561 309 2629 quanta
329 2548 500 2611 sanctitate
520 2549 650 2625 bellum
671 2546 836 2629 gessisset,
869 2548 1045 2630 sociosque
1070 2563 1248 2628 tractasset,

155 2732 184 2782 α’.
202 2725 345 2799 Delphos]
364 2729 417 2781 Die
435 2724 517 2782 Stadt
536 2728 610 2781 steht
627 2729 689 2781 hier
707 2727 821 2782 surdas
841 2727 964 2795 Orakel,
982 2728 1050 2783 oder
1067 2729 1112 2783 die
1125 2732 1248 2786 Priester

119 2816 170 2875 iles
187 2822 328 2893 Tetnpels.
365 2823 443 2875 Eben
460 2838 490 2874 so
510 2821 610 2891 gerade
626 2821 749 2876 uachber
765 2818 904 2879 Dodona.
993 2850 998 2863 ι

118 2958 124 2967 ·
156 2951 184 3006 5.
205 2945 357 2993 antistites
375 2942 474 3008 Jovis]
511 2939 622 2995 Oefters
646 2941 731 2996 findet
756 2942 815 2997 sich
841 2947 966 2998 antistes
985 2960 1055 3016 gana
1074 2945 1184 3000 einfach
1202 2945 1249 3002 sirr

120 3034 268 3087 incertior.
317 3033 322 3042 “
1110 3028 1114 3033 ’

158 3164 185 3219 5.
206 3154 302 3224 Quam
316 3153 439 3206 vereda
461 3153 587 3224 coforct
601 3136 788 3226 judicatum]
816 3157 866 3210 lch
885 3157 1012 3214 verstebe
1028 3161 1093 3230 jetat
1106 3161 1248 3230 judicare

122 3248 176 3300 init
200 3247 360 3315 Heusinger
387 3266 449 3300 vom
475 3247 601 3301 Urtheiis
627 3247 676 3302 det
700 3252 828 3305 Riclstcr.
874 3254 965 3308 Daiitr
988 3257 1093 3328 spricht
1111 3257 1161 3311 der
1178 3273 1249 3327 enge

123 3344 370 3412 zusammenhang
390 3351 441 3397 mit
459 3344 597 3413 judicum
618 3338 768 3398 absolutus
784 3354 957 3417 sententiis,
975 3350 1032 3404 und
1051 3352 1249 3407 eutscheidentl

119 3430 184 3493 vtiis‘
200 3440 283 3492 Forrn
306 3440 406 3511 soreii
454 3440 547 3495 Ailein
577 3441 721 3510 unrichtig
747 3445 851 3495 nimmt
877 3445 1035 3513 Heusinger
1062 3447 1157 3516 Quam
1178 3465 1250 3499 vere

124 3532 267 3586 ironiscb:
313 3535 385 3588 Wic
410 3532 518 3600 richtig
547 3551 615 3585 man
639 3536 710 3586 tiber
741 3537 790 3589 ilm
824 3537 928 3591 Wrirde
956 3540 1117 3608 geurtlceilt
1140 3541 1250 3608 haben,

122 3626 271 3699 niihrnlich
283 3640 363 3679 werin
373 3644 437 3678 man
448 3624 497 3679 ihu
509 3626 589 3679 niclst
596 3627 657 3700 frey
670 3633 843 3702 gesprocben
859 3634 946 3687 biitte.
965 3633 1110 3688 Vieimehr
1120 3635 1193 3689 runis
1204 3635 1250 3690 dic

125 3726 177 3774 init
198 3722 351 3773 Ritcitsicbt
369 3720 420 3773 aui
435 3721 489 3773 deu
508 3723 753 3794 zusammenbang
771 3727 856 3778 leicbt
874 3746 908 3778 au
926 3725 1056 3783 fasscnde
1070 3729 1252 3799 vorstellung

125 3814 174 3869 des
187 3816 335 3869 Cornelius
352 3834 382 3868 so
405 3819 518 3884 erginzt
537 3814 657 3884 werden,
676 3817 748 3892 dajs
763 3839 792 3871 es
803 3821 924 3871 uttrecht
938 3840 1017 3887 φναν,
1035 3822 1090 3875 den
1102 3824 1253 3895 Lysander

124 3929 186 3964 von
204 3910 298 3963 dieser
310 3910 546 3980 Besclrttldigung
557 3912 634 3984 frey
653 3933 690 3965 an
707 3915 856 3984 sprcclren.
873 3917 936 3969 Mit
954 3923 1015 3970 Wis
1033 3921 1133 3972 vielem
1147 3919 1252 3975 Rechts

125 4012 196 4057 nan
214 4004 264 4057 ibn
282 4004 386 4059 Wrirdc
405 4007 573 4058 vcrurtlrcilt
590 4008 695 4062 haben.

161 4124 214 4177 lV.
235 4146 258 4179 r.
277 4133 390 4194 quanta
407 4127 585 4198 sanctitate]
622 4130 775 4182 Sanctitas
792 4135 829 4183 ist
847 4130 892 4184 oft
912 4129 957 4185 dis
974 4133 1140 4204 pbnktlicbc
1157 4133 1256 4189 Erist-

128 4212 198 4291 lung
217 4220 288 4274 aller
304 4219 461 4311 ¹Pilichten,
495 4223 601 4279 welche
622 4242 689 4279 man
707 4243 743 4278 atr
761 4223 881 4281 sriiillen
899 4226 968 4298 bat,
994 4226 1050 4282 und
1068 4228 1256 4301 dissorgis'i·

1061 4321 1094 4386 G
