2694 4756
170 223 237 292 224
381 197 451 272 XV.
476 199 743 297 Epaminondas.
776 202 874 319 ffir-
903 201 958 273 VI.
988 201 1065 273 VII.

223 374 371 436 maxime
400 373 476 451 ejus
509 374 703 454 eloquentia
738 375 849 439 eluxit
886 376 1022 456 Sparta,
1065 354 1163 456 legati
1197 387 1278 436 ante

220 499 368 560 pugnam
402 479 622 541 Leuctricam.
677 479 757 563 Quo
784 499 891 557 quum
925 480 1080 540 omnium
1110 477 1278 539 sociorum

220 581 456 644 convenissent
474 580 589 663 legati,
630 576 738 644 coram
768 581 1039 663 frequentissimo
1065 582 1273 663 legationum

220 698 393 747 conventu
409 685 470 748 ,ric
483 752 487 760 ,
501 685 832 749 Lacedaemoniorum
867 676 1076 768 tyrannidem
1110 686 1276 766 coarguit,

220 802 260 850 ut
286 809 357 850 non
389 789 502 850 minna
531 789 589 850 illa
620 790 769 853 oratione
799 811 877 873 oper
911 813 1027 863 eorum
1055 790 1276 859 concusserit,

219 912 320 972 quam
345 893 516 955 Leuctrica
536 914 659 976 pugna·
697 896 789 956 Tum
804 895 896 957 enim
916 882 1065 976 perfecit,
1088 895 1181 972 quod
1203 906 1279 975 port

218 997 386 1079 appatuit,
406 1012 445 1060 ut
461 997 592 1060 auxilio
605 999 771 1062 sociorum
788 997 1033 1061 Lacedaemonii
1052 988 1290 1078 privarentur.¹

609 1178 719 1251 Can
756 1115 856 1277 Vn„
920 1211 985 1242 .2.

157 1364 187 1407 1.
214 1344 332 1409 Fuisse
353 1343 533 1427 patientem
557 1360 764 1428 suorumque
789 1344 928 1428 injuriae
947 1334 1108 1408 ferentem
1133 1343 1277 1420 civium,

216 1452 309 1531 quod
331 1471 365 1513 ae
386 1451 496 1532 patria
526 1452 619 1514 irasci
651 1451 742 1515 nefas
763 1471 832 1516 esre
855 1452 1008 1526 duceret,
1030 1451 1098 1512 haec
1123 1463 1204 1511 eunt
1232 1464 1276 1511 te·

30 1570 31 1573 ’
130 1594 133 1599 ·
214 1556 383 1617 alimonia.
426 1556 545 1643 Quum
568 1577 645 1620 eum
668 1571 799 1639 propter
818 1556 983 1645 invidiam
1002 1555 1091 1616 cives
1112 1555 1277 1635 praeficere

215 1661 378 1723 exercitui
405 1661 608 1736 noluissent,
629 1662 768 1742 duxque
794 1672 878 1720 esset
897 1659 1043 1722 delectur
1067 1657 1149 1719 belli
1171 1655 1276 1738 impe·
1302 1717 1306 1724 ,

216 1762 317 1838 ritus,
338 1752 438 1840 c'ujua
465 1783 571 1826 errore
589 1783 629 1826 eo
656 1779 738 1826 earet
762 1765 903 1825 deducta
924 1761 983 1823 illa
1008 1761 1192 1822 multitudo
1212 1760 1273 1822 mi-

214 1866 336 1955 litum,
356 1881 395 1929 ut
408 1889 525 1930 omnes
535 1869 576 1930 de
593 1870 697 1945 salute
714 1868 997 1950 pertimescerent,
1017 1866 1272 1947 quodlocorum

217 1956 377 2054 angustiis
410 1973 514 2034 clausi
543 1976 583 2035 ab
617 1973 767 2036 hostibus
795 1971 1050 2042 obsidebantur:
1094 1967 1272 2046 desiderari

215 2090 319 2158 coepta
345 2090 395 2138 eet
422 2077 666 2158 Epaminonda
691 2075 875 2158 diligentia.
926 2074 1106 2137 eratenim
1137 2073 1185 2135 ibi
1210 2072 1273 2154 pri-

157 2201 185 2250 a.
215 2197 312 2243 vatus
335 2176 479 2243 numero
507 2182 635 2244 militia.
688 2161 726 2246 A¹
752 2201 821 2261 quo
847 2165 955 2261 quum
983 2192 1131 2262 peterent
1162 2198 1273 2259 opem,

217 2287 357 2351 nullarn
372 2285 527 2352 adhibuit
546 2284 742 2351 memoriam
767 2278 998 2359 contumelia,
1019 2297 1053 2345 et
1076 2283 1272 2358 exercitum,

190 2495 219 2556 4.
255 2488 352 2556 legata
379 2477 448 2540 ante
471 2505 602 2556 pugnam
633 2489 827 2556 Leuctricam]
868 2489 954 2541 Dicae
981 2484 1086 2539 Worte
1111 2471 1271 2553 behaupten

155 2579 236 2633 ihren
257 2578 404 2652 Anapruoli
429 2581 619 2635 vollkommen
640 2580 690 2633 auf
706 2565 760 2634 den
784 2583 863 2635 Text.
899 2583 944 2634 Sia
963 2579 1059 2633 archen
1078 2577 1218 2630 durohatra
1236 2582 1271 2630 in

156 2674 231 2727 allen
249 2673 483 2741 Handachriften,
502 2674 560 2726 und
580 2672 642 2727 sind
660 2673 709 2726 der
726 2674 932 2727 Ptinctlichkeit
946 2673 995 2725 dea
1014 2672 1169 2726 Corneliae
1182 2688 1272 2740 ange-

156 2759 276 2820 nreaaen.¹
325 2767 375 2820 leh
393 2765 464 2819 baba
489 2772 528 2821 aie
552 2768 651 2821 darum
676 2785 732 2819 von
762 2767 815 2819 den
839 2768 956 2833 Haben,
983 2771 1013 2818 in
1031 2765 1135 2819 welche
1163 2770 1203 2817 aie
1223 2765 1270 2817 die

126 2915 128 2924 ,
155 2862 351 2930 Herausgeber
371 2863 615 2931 eingercblosaen‚
638 2860 757 2932 belneyr.
792 2861 850 2912 Dae
871 2864 992 2936 elnaige,
1011 2877 1068 2912 war
1088 2877 1155 2912 man
1180 2875 1271 2928 gagen

129 2974 132 2979 ·
156 2961 196 3009 eie
219 2941 303 3024 ragan
321 2958 412 3021 kann,
441 2960 497 3023 iet,
519 2956 580 3010 dala
604 2955 704 3025 geracia
726 2944 830 3008 wieder
853 2954 962 3021 legati,
991 2952 1050 3005 und
1074 2952 1140 3007 bald
1168 2952 1272 3005 darauf

153 3051 338 3118 legationum
354 3050 425 3115 (der
446 3051 584 3104 abstracte
606 3049 716 3119 Begrili
733 3049 780 3103 fiir
797 3047 851 3102 den
869 3052 1035 3116 concreten)
1059 3047 1140 3125 folgt.
1175 3047 1270 3100 AlleIn

154 3162 212 3196 ner
234 3141 313 3195 weila
339 3142 484 3205 eanlebt,
514 3141 575 3195 dass
608 3144 679 3196 auch
709 3162 764 3195 von
789 3142 843 3195 den
869 3142 966 3194 beaten
985 3120 1206 3201 Sobriitatellern
1223 3140 1269 3194 dio
1295 3130 1298 3135 ’

155 3237 281 3308 gleichen
299 3237 402 3292 Worte
418 3235 508 3304 htufig
529 3240 559 3288 in
576 3255 651 3308 away
669 3235 720 3289 auf
738 3218 868 3289 einander
880 3234 1029 3302 folgenden
1041 3235 1139 3288 Sitaen
1152 3234 1270 3288 wieder-

107 3395 114 3401 ·
154 3330 234 3384 lrohlt
250 3331 383 3385 werdoni
401 3347 458 3384 war
476 3330 530 3398 bey
545 3329 691 3383 Corneliae
704 3328 745 3382 oft
762 3335 806 3387 ine
818 3327 1001 3396 Nacbl'asaige
1019 3343 1152 3382 aurartet.
1188 3331 1268 3383 Dion

154 3427 194 3491 V,
211 3435 239 3488 5.
256 3432 407 3495 potestate
425 3457 451 3469 -
470 3432 629 3493 potestate.
676 3425 799 3478 Datam.
824 3422 868 3492 II,
888 3434 915 3489 5.
933 3442 1020 3493 qaam
1039 3424 1073 3475 ab
1093 3443 1225 3482 caaraam
1239 3456 1267 3472 .-

154 3535 240 3587 qaam
258 3516 293 3567 ob
313 3533 458 3598 caussam.
494 3515 557 3586 Vgl.
575 3535 610 3569 au
627 3516 725 3574 Thcm.
745 3517 803 3585 lli,
821 3527 848 3583 5.

189 3634 254 3688 v11.
275 3653 300 3687 1.
336 3633 423 3703 eujus
448 3619 556 3704 errore]
602 3635 693 3691 Error
719 3639 757 3692 iat
783 3636 845 3692 hier
868 3635 1008 3707 angeliihr
1034 3654 1091 3691 was
1117 3637 1270 3708 stultitia,

154 3726 222 3782 oder
239 3728 400 3795 imperitia.
444 3789 448 3795 Ι
1067 3722 1071 3737 '

224 3865 342 3900 numero
361 3847 477 3915 militia]
512 3847 566 3901 Ab
591 3847 710 3917 Soldat,
737 3855 791 3902 mit
813 3848 876 3901 dem
895 3851 996 3918 Raage
1019 3856 1097 3904 eines
1116 3850 1268 3906 Saldaten.

154 3939 267 3993 Oeltera
293 3946 331 3993 iat
354 3957 489 3992 numerat
505 3947 545 3992 'ao
561 3941 620 3999 'viel
642 3943 684 3995 alr
702 3943 847 4010 conditio,
877 3945 968 3998 loeus.
1013 3947 1049 3999 So
1076 3960 1138 4014 aagt
1167 3945 1267 3999 Cicero

153 4034 292 4086 Divinat.
310 4038 341 4085 in
360 4033 506 4087 Caeciliam
523 4050 547 4086 c.
568 4045 609 4099 19.
644 4037 777 4089 Parentis
794 4056 911 4090 numero
926 4048 1037 4108 prator
1054 4059 1113 4091 esse
1131 4045 1269 4108 quaestori

154 4127 247 4179 debet.
282 4127 374 4181 Ueber
388 4133 521 4196 privatas
538 4126 694 4196 vergleiche
712 4149 747 4184 au
756 4131 896 4200 Chabriae
912 4132 969 4204 IV,
988 4151 1013 4192 t·
1048 4133 1267 4204 Agest1.lv,a.
