2694 4756
109 182 198 296 tta--
268 153 269 156 ¹
393 175 542 310 ιΧῐῖΠΙ.
567 210 742 313 Eumenes.
795 209 874 306 Cap.
905 207 939 281 V.

168 383 263 466 plaga
286 403 356 446 non
376 382 575 458 succubuit,
610 401 723 463 neque
745 401 786 445 eo
805 384 913 446 seclus
936 383 1067 445 bellum
1088 379 1231 447 admini-

109 507 138 558 α.
152 489 292 551 stravit.
333 489 396 552 Sed
418 489 525 551 exiles
545 506 596 550 ree
619 487 726 549 animi
745 488 1034 571 magnitudinem,
1067 489 1135 550 etsi
1160 507 1230 550 non

167 592 379 676 frangebant,
405 607 518 656 tamen
551 593 763 655 minuebant.
802 593 909 654 Hunc
933 612 1134 674 persequens
1158 594 1230 655 An·

169 681 321 782 rigonur,
340 719 449 778 quum
474 698 569 760 omni
590 716 710 781 genere
730 695 901 778 copiarum
924 698 1124 770 abundaret,
1147 716 1230 778 saepe

164 803 203 865 in
231 800 409 865 itineribus
439 806 785 883 vexabaturrneque
813 822 978 882 umquam
1013 802 1056 880 ad
1086 821 1229 866 manum

165 891 318 970 accedere
346 906 484 981 licebat,
512 906 578 970 nisi
603 905 656 968 hir
685 907 787 981 locis,
827 906 953 986 quibus
980 906 1077 987 pauci
1115 907 1233 968 multis

40 990 41 998 ἵ
106 1015 138 1077 3.
169 1019 301 1094 possent
321 1010 479 1072 resistere.
519 1010 582 1072 Sed
602 1023 751 1073 extremo
772 1023 934 1092 tempore,
956 1001 1229 1092 quum'consilio

107 1131 109 1154 ¹
148 1113 242 1196 -capi
266 1134 338 1177 non
362 1104 726 1196 posset,‹multitudine
755 1101 1005 1180 circumventus
1034 1131 1092 1180 eat.
1131 1116 1230 1180 Hinc

167 1231 297 1293 tamen,
317 1217 435 1280 multia
449 1218 519 1280 suis
532 1205 676 1294 amireis,
696 1238 731 1280 ae
746 1219 934 1300 expedivit,
956 1233 989 1281 et
1002 1219 1040 1281 in
1055 1221 1229 1282 castellum

106 1342 138 1404 4.
173 1323 343 1406 Phrygiae,
376 1323 469 1404 quod
499 1322 592 1385 Nora
622 1319 826 1405 appellatur,
859 1321 1021 1405 confugit.
1082 1326 1128 1384 ln
1160 1343 1229 1404 quo

14 1417 17 1424 ¹
168 1449 278 1508 quum
300 1428 613 1505 circumsederetur,
635 1442 669 1490 et
692 1442 880 1503 vereretur,
902 1410 946 1489 ne
971 1447 1043 1488 uno
1068 1427 1144 1488 loco
1166 1449 1230 1490 ma·

168 1550 253 1594 nene
279 1551 384 1614 equos
402 1526 570 1613 militares·
583 1532 746 1615 perderet,
767 1530 861 1613 quod
887 1530 1031 1613 epatium
1057 1551 1130 1593 non
1147 1536 1230 1596 ercet

78 1673 79 1676 =
167 1638 335 1718 agitandi:
353 1638 514 1701 callidum
534 1637 601 1701 fuit
625 1636 696 1719 ejus
723 1636 921 1710 inventum,
941 1636 1229 1716 quemadmodum

166 1757 256 1804 etant
265 1735 676 1820 jumentumconcaleiieri
690 1741 902 1822 exercerique
914 1755 1030 1822 posset,
1043 1743 1113 1821 quo
1125 1743 1230 1815 libent

168 1849 235 1910 titre
258 1861 290 1910 et
310 1847 385 1910 cibo
403 1862 568 1925 uteretur,
599 1854 671 1912 et‘a
691 1846 836 1929 corporis
852 1862 957 1909 ⁴motu
979 1867 1055 1907 non
1082 1826 1229 1908 remove·

128 1995 138 2017 .
167 1966 266 2013 retur.
308 1951 556 2034 Subetringebat
579 1967 678 2035 caput
702 1954 773 2014 loro
803 1952 923 2026 altius,
956 1970 1057 2031 quam
1081 1965 1120 2011 ut
1147 1951 1228 2032 prio

22 2123 23 2127 ,
167 2056 260 2117 ribus
275 2055 415 2137 pedibus
440 2046 539 2138 plane
554 2069 800 2138 terramposset
818 2056 997 2139 attingere;
1012 2055 1140 2117 deinde
1157 2068 1230 2137 post

22 2144 23 2147 Ἴ
56 2152 58 2159 ’
121 2171 124 2177 ’
168 2162 360 2225 verberibus
383 2165 518 2245 cogebat
541 2165 727 2238 exsultare,
745 2174 780 2239 et
803 2161 907 2222 calcea
936 2158 1113 2227 remittere.
1156 2160 1228 2248 Qui

100 2334 105 2341 Δ
142 2375 169 2413 ο.
196 2361 284 2411 Hunc
309 2377 481 2429 persequens
503 2392 529 2403 -
554 2326 640 2429 qrtnni
663 2385 697 2400 —
717 2355 895 2423 abundaret]
939 2355 1077 2410 Olfenbnr
1106 2360 1144 2408 iet
1166 2355 1228 2410 hier

108 2469 193 2522 quum
213 2471 243 2509 to
263 2453 318 2506 viel
337 2453 378 2506 alu
398 2458 469 2521 etsi,
486 2452 558 2506 auch
576 2471 657 2506 rreun
677 2460 776 2504 tamen
794 2451 872 2504 nicht
889 2451 971 2520 solgt.
1006 2454 1099 2505 Arist.
1118 2449 1183 2518 Ill,
1200 2469 1227 2505 a·

93 2587 95 2589 ’
142 2558 145 2563 “
176 2590 265 2640 neque
284 2583 419 2640 nmquam
437 2556 708 2640 -nr’sr‘lisloctsJ
745 2571 1096 2624 Vielleiclrtltdnnteman
1114 2570 1228 2624 tehiclt·

106 2663 198 2736 licher¹
214 2665 290 2717 lesen
310 2684 448 2734 usquam,
466 2664 499 2719 da
519 2683 547 2719 ee
571 2667 635 2720 dem
652 2666 800 2735 folgenden
821 2666 865 2717 Iris
883 2668 953 2717 locis
972 2666 1135 2736 entspricltt.
1173 2667 1229 2716 Hit

107 2759 183 2811 ateltt
200 2757 272 2809 auch
292 2758 354 2810 hier
373 2758 420 2811 fur
441 2763 496 2825 iis,
512 2764 531 2812 i.
551 2778 574 2812 e.
594 2760 697 2813 talibus
715 2761 795 2814 locis.
832 2761 912 2814 Siebe
930 2763 1053 2814 Datam.
1071 2759 1128 2830 VI,
1148 2777 1177 2815 ι

142 2887 170 2944 5,
187 2876 264 2947 qnod
277 2878 363 2930 Nora
382 2875 565 2947 appellatur]
583 2884 584 2888 ’
601 2879 666 2949 vgl.
685 2897 720 2932 zu
734 2878 835 2932 Thrae.
855 2878 900 2943 ll,
921 2900 947 2932 r.

143 3006 169 3065 4.
186 3002 314 3066 spatium
332 2996 482 3066 agitandi]
519 3000 645 3064 Agitarc
665 3003 701 3050 itt
724 2997 774 3050 der
792 2997 959 3068 eigeutliche
985 2997 1135 3053 Autdruclt
1159 3018 1226 3054 vom

107 3091 258 3144 Tummeln
276 3089 326 3142 der
343 3090 457 3150 Pl'erde;
476 3092 526 3144 dae
539 3092 707 3159 Gegentheil
720 3096 756 3144 ist
770 3091 818 3145 dac
833 3092 963 3161 folgende
980 3101 1072 3148 stare.
1105 3097 1229 3147 Jumen·

107 3192 169 3236 tum
187 3187 264 3237 kann
282 3202 360 3248 man,
379 3203 460 3237 wenn
478 3203 544 3238 uran
562 3186 636 3249 wttt,
655 3185 701 3238 fiir
717 3186 789 3240 Vnt
808 3190 966 3258 uberhaupt
983 3188 1116 3240 uehmen.
1152 3193 1228 3242 Vor-

108 3280 217 3349 zirglicb
238 3279 302 3332 siud
319 3281 385 3333 aber
402 3280 474 3333 doch
493 3279 598 3350 Pferde
616 3300 650 3332 zu
670 3283 824 3336 verctehen.
859 3283 949 3335 Ueber
967 3283 1021 3336 deu
1040 3282 1228 3349 allgemetnen

98 3375 217 3442 ,Begriff
233 3392 289 3427 von
302 3374 472 3444 jumentum
492 3376 649 3440 (vernandt
667 3378 719 3426 mit
733 3374 866 3442 juvare)
878 3376 953 3429 ciehe
972 3378 1091 3442 Herzog
1105 3368 1226 3428 au'Coer.

108 3466 142 3517 de
163 3469 197 3520 B.
217 3469 251 3521 G.
271 3468 303 3535 Ι,
322 3479 366 3534 5.,
384 3469 524 3522 uberden
550 3469 700 3541 specielleu
719 3469 850 3523 ebeudat.
883 3471 941 3536 Ill,
971 3482 998 3534 7.
1033 3471 1167 3537 Scriptor
1193 3449 1230 3520 de

106 3563 187 3614 Bello
208 3560 308 3633 Afric.
333 3581 358 3616 c.
377 3558 476 3629 naut
494 3562 638 3631 jumenta
663 3565 822 3617 bestiarum
839 3563 1092 3636 (elephantorum)
1110 3561 1228 3616 odorem

72 3690 74 3694 ι
107 3688 134 3702 -
151 3689 179 3701 -
198 3674 257 3708 non
278 3654 520 3726 reformidarent.

142 3785 171 3838 5.
190 3773 373 3855 deindepost
389 3775 552 3827 verberibus
570 3775 693 3852 cogebat
714 3779 879 3843 exsultare,
904 3787 933 3830 et
953 3778 1048 3830 calces
1064 3778 1226 3845 remittere]

21 3941 23 3946 Ι
107 3868 207 3921 Weun
224 3868 314 3936 dieses
334 3868 378 3922 die
396 3868 687 3939 richtigeLetartiet‚
709 3889 739 3924 ao
755 3873 829 3924 steht
846 3871 1026 3940 deindepost
1043 3869 1132 3924 durch
1144 3875 1225 3922 einen

107 3963 305 4030 Pleonatmuc,
325 3981 380 4016 von
398 3963 532 4017 welchem
547 3965 592 4017 ich
611 3965 663 4036 bey
682 3966 850 4029 Alcibiaden
868 3966 921 4033 Vl,
940 3976 969 4030 5.
987 3963 1043 4018 und
1063 3969 1092 4017 in
1111 3979 1226 4016 uncerm

106 4057 258 4111 Feldherrn
271 4061 300 4124 I,
318 4070 345 4123 5.
364 4058 475 4128 geredet
486 4059 575 4125 habe,
592 4059 639 4112 fur
654 4059 765 4116 deinde.
800 4063 898 4131 Einige
910 4059 1042 4114 Gelebrte
1057 4058 1225 4110 termuthcn

107 4150 216 4221 indere,
240 4169 269 4205 et
287 4161 381 4208 mutae
399 4168 466 4207 ttatt
481 4161 549 4224 post
566 4155 727 4209 verberibus
744 4153 857 4225 geleteu
874 4149 986 4209 werden
1001 4151 1225 4223 posterioribus·
