2694 4756
107 217 180 308 284
389 215 524 287 XVIII.
556 217 758 315 [Eumenes.
810 192 889 312 Cape
914 216 948 285 I.
1059 272 1064 282 .
1144 203 1147 210 ’

166 406 274 468 quum
296 388 459 450 exercitus
473 389 505 451 ei
527 402 575 451 ter
596 402 693 458 ante,
713 388 868 471 separatis
885 387 1112 470 temporibus,
1132 389 1226 477 juras·

167 506 232 566 set,
265 513 300 555 se
332 513 411 555 eum
446 494 682 565 defensurum,
715 513 778 555 nec
806 514 969 574 umquam
1008 495 1225 558 deserturum.

167 597 229 659 Sed
247 610 334 659 tanta
353 597 415 659 fuit
438 599 685 659 nonnullorum
699 596 833 658 virtutis
848 597 1056 666 obtrectatio,
1077 598 1223 659 utfitlem

107 700 138 765 3.
167 702 317 764 amittere
332 705 488 777 mallent,
509 723 610 783 quarn
633 722 711 763 eum
728 722 796 762 non
817 703 963 783 prodere.
1001 702 1125 782 Atque
1138 687 1224 762 huic

166 808 380 889 Antigonus,
400 827 506 886 quum
531 805 563 867 ei
584 804 698 868 fuisset
723 807 970 880 infestissimus,
988 817 1222 880 conservasset,

167 911 196 972 si
219 903 377 992 per'suos
399 926 481 974 esset
503 912 652 981 licitum,
675 912 767 991 quotl
792 915 845 973 ab‘
858 911 955 972 nullo
975 929 1009 972 se
1030 911 1111 992 plus
1134 909 1223 986 adju·

140 1013 240 1076 =vari
272 1034 366 1096 posse
394 1015 601 1096 intelligebat
631 1016 668 1078 in
692 1016 745 1078 his
770 1018 884 1090 rebus,
918 1034 1001 1095 quas
1030 1011 1222 1096 impenflere

167 1116 238 1196 jam
264 1123 438 1200 apparebat
465 1121 635 1182 omnibus.
674 1120 905 1182 Imminebant
935 1118 1030 1180 eninr
1056 1119 1222 1192 Seleucus,

167 1222 402 1304 Lysimachus,
424 1225 640 1299 Ptolemaeus,
661 1227 781 1305 opibus
791 1223 860 1305 jam
874 1216 1039 1287 valentes:
1059 1242 1142 1284 cum
1158 1220 1224 1302 qui·

106 1342 139 1412 4.
168 1328 230 1390 bus
255 1331 287 1390 ei
321 1329 362 1390 de
390 1327 531 1391 summis
560 1332 658 1391 rebus
690 1341 758 1390 erat
788 1328 1030 1391 dimicandum.
1070 1327 1139 1388 Sed
1157 1347 1224 1400 nou

167 1429 252 1512 passi
273 1448 352 1494 sunt
376 1432 413 1495 hi
438 1433 499 1513 qui
522 1431 606 1494 circa
625 1447 733 1495 erant:
756 1434 849 1513 quod
869 1431 1049 1501 videbant,
1068 1431 1223 1492 Eumene

166 1553 315 1616 recepto,
338 1557 454 1601 omnes
472 1557 535 1619 prae
555 1539 616 1599 illo
635 1537 728 1621 parvi
749 1535 889 1598 futuros.
928 1538 1003 1617 lpse
1020 1549 1136 1597 autem
1157 1536 1223 1596 An·

169 1639 303 1721 tigonus
322 1643 404 1704 adeo
426 1657 494 1711 erat
512 1643 690 1717 incensus,
711 1656 750 1705 ut
770 1642 835 1705 nisi
854 1661 973 1724 magna
987 1648 1046 1722 spe
1067 1639 1223 1702 maxima·

113 1780 116 1787 ‚
166 1761 243 1807 rum
261 1765 370 1808 rerum
391 1747 492 1810 leniri
513 1768 583 1811 non
606 1762 724 1831 posset.

176 1928 274 1994 queam]
310 1926 379 1979 llier
397 1941 464 1980 statt
481 1932 549 1994 etsi,
573 1927 651 1982 licet.
688 1926 752 1997 Vgl.
770 1944 806 1978 zu
826 1924 918 1980 Arist.
933 1925 990 1990 lll,
1008 1942 1036 1976 s.
1073 1924 1110 1979 So
1129 1920 1223 1994 gerads

62 2080 66 2087 ‚
107 2016 247 2084 naclthsr,
275 2038 361 2088 queem
392 2025 417 2071 ei
435 2018 552 2092 ficisset
586 2020 815 2094 infestissimum
845 2021 917 2074 doch
943 2023 980 2072 ist
1005 2037 1033 2072 es
1061 2018 1126 2071 hier
1155 2017 1223 2070 auct

108 2128 213 2176 menn,
232 2108 441 2179 angenommen
460 2111 541 2188 dass.
575 2115 666 2169 Ueber
684 2116 728 2169 die
747 2096 968 2183 usolriolgentlen
985 2113 1140 2166 Genitiven
1153 2130 1223 2166 non-

107 2207 253 2258 nullorum
273 2212 390 2261 virtutis
406 2209 581 2262 obtrectatio
604 2189 680 2264 siche
699 2230 733 2287 au
752 2211 807 2280 Ep,
827 2212 867 2277 V,
885 2219 912 2274 5.

179 2345 264 2395 quam
286 2345 349 2379 enm
374 2347 433 2380 non
457 2327 595 2397 prodere]
642 2329 693 2384 Ich
724 2329 796 2383 habs
817 2328 872 2383 deu
898 2326 1008 2398 Begrili
1023 2344 1080 2380 von
1103 2323 1225 2399 prodere

57 2431 72 2442 ⁶
107 2417 161 2491 bey
175 2421 313 2474 Themist.
332 2423 404 2476 Vlll
414 2461 423 2514 .'
442 2432 468 2486 5.
486 2441 537 2477 aus
559 2424 692 2479 emunder
709 2439 824 2496 gessur.
915 2413 928 2462 l-

143 2553 176 2606 5.·
191 2543 387 2615 ΑτᾳιιωΙιιιηο]
423 2545 492 2597 Man
513 2546 610 2597 merle
628 2545 686 2598 siclt
707 2552 811 2614 atque,
829 2537 1027 2595 welches'h'ter
1042 2537 1096 2592 den
1119 2539 1226 2593 Usber·

109 2651 182 2704 gang
200 2635 250 2687 aui
264 2635 317 2687 deu
339 2639 496 2704 Antigonus
519 2638 577 2690 und
599 2644 658 2692 selu
676 2636 914 2709 dem‘Benehmeu
939 2634 987 2688 der
1006 2633 1165 2709 Gestihrten
1180 2632 1225 2686 (les

107 2731 248 2783 Eumenes
283 2745 552 2800 enrgegengesetztes
587 2734 726 2801 Betrageu
767 2728 870 2792 machi,
925 2729 1038 2798 Agesil.
1075 2727 1165 2796 Vlll,
1201 2746 1226 2780 r.

108 2825 239 2877 Hannib.
260 2825 348 2890 Xlll,
373 2842 401 2878 a.

93 2988 99 2992 .
177 2947 272 3011 siper
293 2963 360 2996 suos
382 2953 455 2997 esset
471 2945 594 3013 licitum]
631 2947 684 2998 Per
700 2941 861 2996 bezeichnet
884 2945 915 2993 in
931 2944 1021 2992 einem
1041 2937 1227 2994 affirmativus

109 3035 189 3088 Setae
200 3036 457 3109 eineErluubniss,
476 3037 675 3108 BeWiliignng
686 3077 695 3105 ,
706 3039 889 3104 anassung,
909 3053 939 3087 so
951 3039 1002 3087 wie
1011 3039 1063 3086 mit
1073 3032 1123 3086 der
1135 3033 1227 3102 Nega-

109 3135 168 3184 tion
190 3136 250 3183 eius
269 3131 468 3200 Verbindung.
504 3134 577 3186 Cato
596 3133 641 3198 ll,
657 3153 683 3187 a.
710 3135 810 3199 Neque
825 3131 939 3198 hucper
952 3137 1086 3181 senatum
1104 3126 1227 3199 efficere

106 3232 215 3295 potuit.
251 3227 289 3279 Er
315 3227 410 3280 wurde
429 3228 517 3281 durch
545 3227 598 3280 deu
626 3228 709 3280 Senat
733 3226 821 3279 daran
841 3223 993 3293 gehtndert.
1028 3223 1107 3276 Eben
1125 3239 1157 3275 so
1180 3237 1228 3292 ge·

113 3331 256 3386 brauolteu
272 3330 316 3383 die
332 3331 470 3384 Grieeheu
491 3316 535 3384 iit
552 3329 702 3384 besonders
724 3334 777 3382 rnit
792 3328 841 3381 der
857 3330 1006 3399 Negation-

145 3460 173 3517 4.
189 3457 236 3519 qui
259 3454 337 3500 circa
353 3452 451 3517 erant]
489 3449 563 3514 Die,
590 3449 701 3503 n'elclee
725 3447 878 3516 besttndr'g
896 3467 943 3498 um
962 3447 1011 3497 ibn
1034 3464 1160 3513 waren,
1179 3445 1227 3499 das

109 3550 163 3610 ist,
199 3547 278 3595 seiae
305 3541 444 3613 Freuude.
480 3543 565 3594 Circa
591 3548 628 3597 ist
656 3544 719 3597 hier
755 3543 951 3597 adverbialiter
978 3539 1141 3610 gebraucht·
1186 3543 1229 3594 lm

110 3655 237 3726 gleichen
257 3655 343 3707 Sinus
364 3666 449 3718 sageu
473 3647 517 3700 die
539 3647 678 3703 Griechsn
696 3637 775 3718 οἶμφί
796 3664 867 3702 τινα.

179 3789 277 3824 omnes
292 3788 353 3838 proe
371 3769 421 3819 illo
433 3765 670 3839 parvisuturos]
700 3768 743 3819 ‚In
762 3765 976 3833 Vergleiclnmg
999 3770 1052 3816 mit
1073 3764 1142 3817 ilem.
1168 3764 1229 3818 Pres

108 3864 269 3918 bezeichnet
286 3863 359 3916 nach
386 3862 434 3914 der
454 3860 678 3915 Bescballenheit
704 3860 752 3914 ‹les
780 3859 929 3912 Praedleets
959 3860 1008 3911 des
1029 3859 1155 3924 Nomen,
1180 3875 1230 3910 vor

109 3958 243 4010 welchem
265 3975 294 4011 es
323 3956 416 4019 steht,
440 3955 504 4009 bald
523 3956 564 4008 als
595 3962 739 4024 geringer,
777 3950 842 4004 bald
871 3952 912 4005 als
937 3951 1126 4021 uberlegensr.
1164 3951 1230 4021 Vgl.

109 4049 352 4123 ttamslromlcst.
372 4048 549 4104 Grammatik
570 4053 597 4116 ς.
619 4049 738 4115 150.E,
757 4046 784 4099 d.
801 4047 829 4101 S.
851 4053 938 4106 288.÷

178 4144 325 4210 incensus]
360 4140 403 4194 Er
424 4159 493 4194 war
510 4158 543 4194 so
572 4142 718 4198 erbittert.
756 4139 850 4196 Selleis
873 4141 948 4194 steht
967 4138 1017 4193 das
1038 4137 1164 4192 Verbum
1183 4139 1231 4190 irr-
