2694 4756
942 53 956 85 ὁ

464 183 504 251 X.
530 180 638 251 nien.
691 108 768 276 cai.
799 124 863 250 trs
1063 286 1067 292 ἡ
1149 177 1214 245 165

107 383 110 387 ’
163 367 328 435 stratoque
348 354 437 417 fratri
462 373 524 416 suo
549 355 664 427 tradit,
686 374 826 434 eamque
846 352 882 414 in
907 363 1004 434 portu
1029 349 1141 432 agitari
1165 351 1217 426 ju·

164 461 233 530 bet,
261 474 299 520 ut
329 459 358 518 si
387 479 536 521 exercere
566 460 704 540 remiges
724 461 847 522 vellet:
879 456 1045 538 cogitans,
1077 455 1104 515 si
1133 453 1216 515 forte

161 565 311 625 consiliis
330 564 505 625 obstitisset
522 563 674 632 fortuna,
706 578 743 625 ut
765 563 916 635 haberet,
938 581 1005 640 quo
1029 558 1154 641 fugeret
1174 561 1232 621 ad·

100 667 133 729 8.
163 671 316 730 salutem.
364 669 506 729 Suotum
535 684 645 731 autem
675 669 862 732 enumero
883 663 1082 746 Zacynthios
1108 665 1215 726 adole·

159 788 285 833 scentes
298 775 458 852 quosdam
477 774 579 856 eligit,
602 794 709 859 quum
728 771 976 844 audacissimoS,
997 783 1068 830 tum
1086 768 1215 830 vitibus
1241 815 1243 829 ,

159 878 329 950 maximis;
365 878 484 958 hisque
508 881 562 940 dat
578 864 779 963 negotium,
801 880 841 941 ad
867 878 1014 938 Dionem
1034 888 1111 936 eant
1131 874 1214 935 iner-
1250 876 1254 882 ’

157 1002 245 1057 mes,
277 983 324 1044 sic
348 997 387 1045 ut
404 972 638 1046 'conveniendi
658 984 734 1062 ejus
751 984 852 1066 gratia
874 981 1067 1045 viderentur
1087 977 1213 1040 venire.

97 1104 130 1167 4.
160 1087 213 1147 Hi
235 1101 365 1168 propter
386 1088 540 1150 notitiam
563 1101 643 1148 sunt
665 1085 856 1152 intromissi.
889 1086 938 1161 At
958 1085 1027 1158 itti,
1046 1099 1086 1146 ut
1106 1075 1216 1145 limen'
1290 1147 1296 1174 Ἰ,

158 1193 233 1270 ejus
255 1193 437 1269 intrarunt,
466 1192 592 1254 foribus
612 1191 766 1253 obseratis
791 1191 827 1250 in
855 1189 940 1250 iecto
964 1190 1140 1276 cubantem
1166 1185 1213 1248 in-

96 1330 99 1336 ·
158 1300 299 1386 vadunt.
318 1280 506 1381 'Cottigane
528 1298 565 1358 fit
584 1296 747 1377 strepitus,
768 1295 850 1356 adeo
869 1307 906 1354 ut
931 1292 1082 1354 exaudiri
1107 1306 1213 1372 posset

97 1407 128 1466 5.
158 1402 245 1466 foris.
266 1405 352 1471 Hic,
373 1404 459 1466 sicut
479 1419 555 1464 ante
575 1422 657 1483 saepe
678 1403 804 1487 dictum
826 1416 890 1474 est,
914 1419 1016 1478 quam
1038 1398 1146 1460 invisa
1171 1399 1213 1460 sit

158 1509 333 1592 singularis
354 1510 518 1591 potentia,
550 1522 581 1569 et
604 1507 789 1568 miseranda
812 1506 900 1590 uita,
934 1504 996 1585 qui
1027 1523 1060 1564 se
1087 1503 1212 1577 metui,

95 1608 128 1674 6ss
159 1634 259 1694 quam
281 1616 383 1677 amari
396 1613 689 1698 malma-cuivis
710 1610 807 1687 facile
822 1612 995 1673 intellectu
1017 1611 1092 1672 fuit.
1111 1612 1212 1673 Nam·

151 1740 225 1800 vque
249 1721 302 1783 illi
327 1720 390 1802 ipsi
412 1721 579 1795 custodes,
615 1717 643 1780 si
679 1714 820 1798 propitia
848 1713 989 1778 fuissent
1019 1717 1210 1792 voluntate,
1290 1723 1291 1727 ’

166 1906 199 1950 ut
224 1903 250 1951 si
273 1919 406 1952 exercere
431 1905 554 1968 remiges
574 1898 677 1965 vellet]
722 1899 779 1950 Des
803 1897 908 1966 gleichs
926 1897 1027 1950 druokt
1053 1898 1151 1972 Coesor
1175 1897 1210 1949 de

32 2037 34 2041 Α
93 1993 130 2047 Β.
149 1993 213 2047 Civ.
231 1993 295 2058 111,
313 2005 358 2060 ²4·
380 2012 411 2047 so
431 2011 500 2047 aus:
517 2011 571 2063 per
592 2010 725 2045 causeam
744 1991 967 2044 exercendorum
987 1997 1139 2060 remigum.

164 2179 218 2230 quo
231 2159 359 2232 sugeret
378 2160 571 2228 adsalutem]
623 2161 673 2214 Ich
689 2161 760 2214 habe
777 2161 852 2214 disse
874 2163 969 2215 Lesatt
990 2167 1054 2217 weit
1072 2164 1121 2216 der
1136 2167 1208 2217 mei·

93 2268 162 2311 esen·
180 2256 397 2309 Handschriften
423 2262 453 2309 in
475 2256 529 2309 deu
551 2258 621 2310 Text
643 2258 877 2326 aufgenommen,
908 2257 964 2311 und
995 2260 1121 2311 verstehe
1148 2262 1207 2323 sie,

43 2378 45 2383 >
92 2347 303 2418 ungefthriwte
322 2351 493 2419 Heusinger,
522 2370 577 2403 uns
595 2356 676 2402 einen
694 2351 807 2403 sichem
826 2351 1026 2422 Zufluclrtsort
1042 2372 1079 2404 ete
1101 2352 1206 2405 haben.

93 2443 159 2511 Quo
177 2447 215 2494 itt
232 2442 430 2496 adverbialiter
450 2459 569 2512 gesetar,
587 2423 688 2498 erohin
706 2465 737 2498 er
754 2447 855 2499 ssiehen
877 2449 998 2511 kiinnte,
1024 2464 1072 2498 um
1097 2446 1155 2499 sich
1172 2465 1207 2499 tu

91 2551 193 2590 retten.
229 2537 301 2589 Kein
329 2539 383 2591 Ort
405 2538 456 2591 auf
481 2538 531 2591 der
552 2539 627 2592 Ineel
653 2559 712 2594 war
731 2542 822 2593 sicher
841 2557 949 2610 genug;
981 2522 1011 2593 er
1032 2539 1136 2592 museto
1159 2531 1209 2592 aui

91 2630 157 2684 dem
181 2632 276 2684 Meere
293 2651 328 2683 au
347 2634 526 2687 eutkommen
544 2635 659 2688 suchen.
695 2637 761 2705 Qua
779 2649 818 2688 se.
837 2641 920 2700 navi,
947 2653 1005 2688 was
1026 2633 1070 2687 die
1090 2639 1207 2688 meisten

91 2725 243 2793 Ausgsben
257 2725 366 2792 haben,
384 2731 421 2780 ist
439 2730 563 2782 nichtso
586 2731 739 2785 bestimmt.
774 2731 921 2784 Nichtdas
941 2729 1079 2794 Norden,
1098 2730 1208 2795 mohin,
1284 2797 1286 2804 Α

92 2822 217 2877 eonderu
235 2838 291 2874 nur
313 2821 372 2888 des,
390 2823 522 2896 Worarrs
538 2842 569 2876 er
589 2826 649 2878 sich
670 2824 790 2878 sssrohten
806 2824 910 2889 wollte,
928 2824 1024 2901 warde
1038 2803 1210 2894 angegeben.⁸

127 2977 155 3032 5.
173 2969 333 3036 singularis
347 2967 498 3038 potentia]
533 2970 590 3022 Die
614 2969 889 3039 Aller'nherrsebaft.
924 2971 995 3023 Eine
1022 2968 1124 3042 seltene
1152 2970 1208 3020 Re-

89 3059 216 3114 deneart.
250 3061 331 3114 Doch
350 3061 423 3116 steht
443 3063 514 3115 such
531 3064 681 3130 singulare
699 3068 848 3134 imperium
869 3080 899 3115 so
919 3061 953 3135 de
971 3063 1095 3130 Regibus
1116 3061 1161 3127 11,
1180 3081 1207 3114 a.

88 3154 155 3225 Vgl.
173 3155 355 3236 Ruhnkenirrs
371 3174 404 3208 zu
422 3158 548 3237 Rutilius
564 3157 658 3226 Lupus
669 3175 695 3228 p,
708 3165 752 3217 80.
770 3159 850 3210 Sicut
862 3166 931 3209 ante
948 3155 1057 3210 dictum
1076 3165 1119 3208 est
1135 3157 1168 3222 V,
1178 3168 1206 3226 3,
1250 3181 1255 3191 ·

47 3290 50 3302 ¹
125 3271 154 3327 6.
173 3274 219 3326 illi
236 3278 293 3342 ipsi
311 3273 457 3342 custodes]
493 3279 519 3341 §.
545 3297 569 3329 r.
588 3276 701 3328 domum
727 3275 864 3329 custodiis
887 3282 977 3341 sepit,
1006 3292 1049 3326 wo
1068 3272 1207 3325 custodiis

88 3367 137 3421 fiir
154 3368 320 3420 crrstodibrrr
339 3369 408 3432 (des
418 3369 596 3421 Abstractum
611 3369 657 3422 sur
667 3373 716 3423 das
727 3373 915 3434 concretum)
931 3368 975 3421 die
989 3368 1086 3420 besten
1094 3370 1205 3435 Zeugen

70 3459 136 3515 'fur
154 3462 214 3514 sich
232 3462 291 3515 hat.
323 3463 403 3522 Diese
420 3462 494 3515 muse
512 3482 566 3514 von
584 3463 749 3533 denjenigen
768 3462 933 3517 verstanden
952 3463 1083 3529 werden,
1100 3462 1207 3518 welche

88 3554 134 3608 die
155 3556 378 3628 Zacynthischen
396 3558 546 3626 Jnngltnge
574 3556 669 3610 hinsin
688 3557 822 3624 gelasteu
854 3558 965 3621 hatten,
994 3555 1053 3609 und
1082 3574 1130 3608 um
1160 3554 1205 3608 die

88 3650 316 3721 Verschwdrung
342 3650 443 3703 nichts‘
456 3649 590 3712 eruissem
611 3650 756 3706 Cornelius
781 3654 830 3705 hat
858 3649 917 3704 sich
939 3653 1001 3705 hier
1023 3654 1207 3705 unbestimmt

10 3809 24 3828 N
65 3807 69 3813 ι
88 3741 146 3796 und
164 3742 337 3814 zweydeutig
348 3743 544 3814 ausgedrdckr.

156 3867 184 3912 ei
200 3866 331 3930 propitia
341 3862 476 3935 ficissent
496 3865 657 3934 voluntate]
695 3865 786 3918 Selten
799 3864 874 3916 wird·
884 3870 1029 3932 propitius
1044 3882 1097 3916 von
1116 3865 1205 3914 Men-

87 3954 191 4017 sehen,
218 3952 312 4026 hiiufig
330 3955 466 4026 hingsgen
490 3976 546 4011 von
568 3959 620 4012 den
643 3960 766 4012 Gottem
785 3959 944 4028 gebraucht.
981 3936 1059 4011 steh'r
1079 3974 1106 4010 es
1126 3972 1204 4018 sonet

69 4048 341 4116 ‘von‘Menechen,
370 4068 401 4103 eo
425 4051 495 4104 wird
519 4070 548 4106 es
574 4070 627 4106 von
657 4055 707 4107 det·
739 4053 939 4121 Gewogenheit
964 4053 1091 4105 Hdherer
1116 4067 1203 4121 gegen

86 4140 253 4212 Nisdrigere
269 4143 430 4213 gebraucht.
450 4145 608 4216 Allgemein
626 4147 777 4216 gebrauchr
795 4163 822 4198 es
833 4147 930 4199 Cicero
952 4144 986 4196 de
1006 4150 1070 4198 nat.
1085 4143 1202 4195 deorum

86 4232 134 4302 Π,
151 4243 197 4300 58.
213 4239 294 4291 Nam
307 4244 435 4291 virtutes
454 4247 483 4292 et
498 4245 579 4294 vitia
595 4250 772 4311 cognoscunt
792 4241 880 4292 oculi:
901 4244 1019 4304 iratum,
1033 4240 1200 4305 propitium.
