2694 4756
158 234 230 310 ⁹44
456 217 572 291 xrrt.
595 168 789 316 egaram
840 217 920 314 cap.
944 219 977 288 s.

154 391 186 453 3.
213 404 304 472 reges
332 388 484 453 fuerunt.
530 390 665 474 Harum
700 411 743 453 ex
774 391 876 452 altera
903 389 941 452 in
975 389 1110 454 alterius
1139 389 1295 481 l'amlllae0

216 493 331 555 locum
345 493 416 555 fieri
433 489 654 557 non'ticebat.
693 495 814 575 Itaque
833 507 974 575 utraque
991 515 1089 556 suum
1111 497 1284 560 retinebat

213 584 380 659 ordinem.
418 595 574 659 Primum
602 597 685 660 ratio
708 599 908 672 habebatur,
930 601 990 680 qui
1006 601 1173 662 maximus
1193 618 1280 664 natu

214 715 299 765 esset
323 721 366 763 ex
395 700 510 764 liberis
540 704 637 780 ejus,
667 703 728 784 qui
760 723 901 785 regnans
928 704 1125 767 decessisset.
1164 707 1259 768 Sin
1248 726 1280 768 rs

210 775 345 868 virilem
368 821 489 868 sexum
518 826 589 868 non
620 807 828 889 reliquisset,
856 821 928 869 tum
951 809 1179 892 deligebatur,
1212 814 1279 892 qui

61 962 64 966 .
134 927 181 990 ‚4
211 908 386 990 proximus
411 924 494 973 esset
512 911 774 994 propinquitate.
824 913 980 974 Mortuus
1000 927 1068 976 erat
1091 915 1176 998 Agis
1203 937 1277 993 rex,

210 1013 308 1088 frater
328 1013 490 1096 Agesilai.
530 1015 660 1078 Filium
686 1017 866 1098 reliquerat
885 1016 1146 1098 Leotychidem,
1167 1040 1276 1100 quem
1328 1016 1331 1039 ¹

209 1120 270 1182 ille
288 1133 406 1182 natum
430 1112 679 1203 nou'agnoratr
710 1121 870 1184 eumdem
897 1121 1045 1183 moriens
1070 1142 1171 1184 suum
1204 1144 1276 1188 esse
1333 1162 1335 1164 -

85 1278 99 1309 4
210 1224 351 1287 dixerat.
389 1225 426 1286 Is
450 1223 642 1302 dehonore
661 1225 756 1306 regni
779 1245 858 1287 curn
885 1225 1041 1309 Agesilao
1067 1247 1129 1288 suo
1153 1241 1274 1311 patruo

209 1328 403 1399 contendite
446 1348 558 1410 neque
589 1328 649 1401 id..
680 1327 774 1408 quod
802 1327 961 1410 petivit,
984 1343 1184 1393 consecutus
1214 1327 1275 1394 est.

149 1435 178 1498 5.
208 1431 298 1494 Nam
329 1428 502 1514 Lysandro
542 1431 762 1516 suffragante,
796 1431 957 1508 homine,
993 1447 1033 1495 ut
1061 1435 1274 1497 ostendimus

180 1552 323 1618 'suprm
355 1534 509 1613 factioso,
540 1548 575 1599 et
600 1535 653 1599 his
676 1539 881 1621 temporibus
909 1551 1060 1621 potente,
1091 1538 1273 1622 Agesilaus
1337 1557 1339 1564 ⁴

207 1641 374 1704 antelatus
400 1654 459 1704 est.

145 1846 293 1936 Προκλῆς.
326 1856 438 1927 Procli,
455 1852 689 1912 mahascheinlich
707 1853 750 1908 als
775 1833 906 1921 Genitir,
935 1852 985 1912 bat
1007 1854 1080 1910 anch
1106 1857 1206 1930 Cicero
1233 1858 1271 1912 de

144 1953 246 2007 Divtn.
261 1951 307 2019 11,
325 1960 378 2022 45,
399 1953 463 2020 9r'.,
481 1949 516 2004 da
528 1949 711 2004 unmittclbar
721 1949 835 2003 Procles
845 1949 887 2002 als
899 1949 1063 2005 Nominativ
1078 1955 1268 2024 sorberging.

179 2082 207 2136 5.
225 2073 342 2125 Harum
360 2089 397 2123 ec
415 2072 514 2124 altera
531 2075 563 2123 irs
581 2071 705 2122 alterius
719 2066 854 2140 familiae
872 2069 966 2121 locum
978 2068 1053 2143 fieri
1069 2090 1128 2124 non
1146 2073 1269 2142 licebat]

143 2167 204 2220 Der
220 2167 357 2220 Gsdanlrs
373 2171 426 2221 ist:
453 2165 555 2221 Wenn
586 2169 633 2218 ein
658 2164 767 2232 lituig,
790 2163 912 2228 rrelcbcr
936 2136 987 2217 bus
1012 2165 1063 2219 der
1082 2167 1201 2222 Familia
1219 2168 1269 2223 des

141 2259 256 2315 Procles
276 2277 401 2332 geresten
416 2279 492 2327 war,
518 2259 612 2325 starb,
639 2275 670 2311 so
688 2258 792 2313 mussts
814 2257 927 2329 jemand
946 2275 996 2312 sus
1016 2261 1085 2314 eben
1104 2261 1196 2316 dieser
1214 2266 1270 2318 tta-

142 2357 222 2411 snilie
236 2375 272 2410 an
290 2362 367 2412 setae
385 2357 470 2413 Stella
489 2371 600 2420 trsten;
619 2356 689 2410 eben
707 2370 739 2405 so
757 2352 829 2405 auch
847 2353 900 2423 bey
917 2352 980 2407 dem
999 2355 1128 2425 Kbnige,
1147 2356 1270 2413 welches·

142 2469 200 2505 ron
212 2450 403 2522 Eurysthenes
424 2451 611 2523 abstammteg
637 2450 692 2503 Die
703 2449 903 2502 construction
919 2452 957 2500 ist
971 2447 1047 2502 disse
1057 2466 1070 2502 ε’
1086 2451 1151 2503 Non
1163 2451 1269 2508 licebat

141 2546 201 2601 fieri
214 2550 335 2616 (regern)
351 2563 386 2598 cr
397 2544 485 2599 altera
496 2544 598 2598 harum
612 2542 812 2612 (familiarum)
826 2541 965 2597 inlocum
981 2541 1097 2599 alterius
1112 2544 1267 2618 (familie).

210 2672 275 2718 tum
293 2662 489 2734 deligebatur]
526 2664 592 2734 Vgl.
609 2663 705 2728 Pelop.
723 2661 852 2768 Hpq«.
870 2657 909 2759 ss,
940 2710 946 2718 .

176 2787 204 2853 f.
221 2778 305 2854 quem
322 2783 372 2835 ille
389 2791 492 2849 natum
511 2800 568 2836 nort
587 2779 733 2852 agnorat]
779 2780 840 2859 Iclt¹
856 2778 932 2834 helte
960 2799 990 2836 es
1010 2785 1062 2836 mit
1087 2781 1141 2836 den
1160 2784 1268 2839 Ausls-

105 2903 107 2907 ’
142 2896 231 2949 geru,
247 2878 354 2933 welche
373 2885 478 2931 natum
494 2877 637 2943 erkliiren,
668 2885 747 2942 tum,
770 2867 857 2946 quiam
874 2883 964 2928 natus
982 2869 1073 2943 esset,
1098 2878 1153 2949 bey
1168 2885 1267 2934 reiner-

142 2975 264 3029 Geburt.
300 2964 437 3026 Damabls
451 2973 597 3026 hcrrschts
615 2969 759 3024 niihmlich
776 2970 826 3024 der
839 2969 996 3038 Verdacht,
1014 2990 1045 3025 er
1062 2990 1109 3045 sey
1126 2974 1266 3045 ein'Sohn

140 3069 190 3124 des
208 3065 380 3122 Alcibiades.
415 3071 583 3135 Agnoscere
601 3065 729 3119 absolute
747 3064 820 3117 ohne
832 3061 934 3136 filium
951 3063 1037 3120 haifst
1055 3067 1161 3134 sebon,
1178 3073 1280 3138 einen,

141 3163 188 3216 als
212 3165 312 3213 seirtca
336 3158 414 3212 Solea
442 3161 635 3213 arserlrersrten.
681 3157 772 3212 avil.
800 3162 927 3214 Metam.
953 3163 1028 3230 Xll,
1060 3179 1106 3232 η.
1141 3165 1264 3216 Aeacon

140 3259 277 3324 agnoscit
307 3272 450 3331 summus,
481 3253 645 3324 prolemque
664 3251 791 3327 fatetur
817 3256 936 3321 Jupiter
963 3273 1025 3307 cese
1051 3274 1147 3312 suam.
1193 3255 1262 3326 Vgl.

138 3347 302 3403 Tascbraclse
321 3365 355 3401 au
372 3348 532 3418 Eutrcptus
548 3345 622 3415 Vll,
643 3366 686 3403 rs.

207 3485 298 3540 neque
317 3465 363 3538 td]
397 3467 498 3536 Neque
522 3462 571 3537 fbr
595 3484 648 3519 neo
664 3484 754 3534 vero,
783 3484 836 3521 nec
864 3476 973 3523 tamen.
998 3447 1143 3528 'Plancina
1170 3467 1214 3539 Il,
1233 3477 1262 3536 5.

137 3564 239 3635 Neque
266 3568 311 3616 lta
337 3562 429 3616 multo
452 3567 521 3632 post
544 3562 679 3616 Nicanor
701 3562 794 3617 Plrceo
824 3570 868 3614 est
890 3567 1015 3632 potitus.
1060 3565 1135 3639 Cato
1154 3563 1202 3632 lt,
1229 3583 1261 3620 s.

137 3660 238 3723 Neque
256 3657 308 3710 boc
323 3674 377 3725 per
393 3663 528 3710 serratum
547 3654 671 3730 efficere
693 3659 802 3724 potuit.
851 3653 992 3709 Cbabrr'as
1016 3654 1080 3725 111,
1114 3676 1140 3711 ι.
1175 3658 1263 3717 Pale·⁴

134 3750 222 3821 pidas
240 3752 314 3817 ΙΝ.
286 3783 314 3817 ὑ

172 3879 200 3933 5
208 3868 359 3940 factioso]
396 3869 477 3924 Siebe
495 3870 624 3942 lysand.
649 3871 680 3937 I,
697 3879 727 3940 5.
777 3865 930 3942 Lysandro
954 3866 1177 3941 suffragante,
1210 3871 1265 3926 suf

133 3962 267 4030 Antrieb,
291 3961 483 4034 Empfehluug
499 3963 547 4016 des
568 3964 730 4036 Lysander,
755 3966 810 4016 wis
827 3963 922 4017 Alcib.
940 3966 981 4030 V,
999 3973 1026 4031 4.
1053 3962 1260 4034 eteffragaate

57 4038 62 4059 Χ
133 4055 321 4110 Theramene.
344 4058 401 4108 His
423 4057 597 4127 temporibus
611 4056 676 4126 geht
686 4055 737 4110 suf
752 4055 805 4111 deu
816 4057 963 4129 Zeitpunct
977 4059 1050 4112 nash
1064 4057 1114 4114 cler
1125 4058 1258 4113 schlacht

132 4150 186 4224 bey
201 4149 443 4222 Aegospotamos,
461 4149 520 4206 und
539 4150 590 4208 der
602 4148 819 4222 Unterrrerfung
833 4168 888 4207 ron
907 4149 1009 4207 Athen.
1041 4145 1045 4152 ’

165 4240 174 4255 .-
709 4242 716 4268 ,
