2694 4756
142 198 208 270 sss
331 141 468 268 ann.
493 192 681 268 namara.
732 194 810 294 up.
840 195 915 269 rut.
945 195 1045 270 rur.
1173 174 1178 207 ¹

165 382 168 387 '
198 390 259 448 rex,
275 370 380 432 fuerat
400 386 489 432 anno
506 371 652 460 secundo
669 383 700 431 et
722 368 893 440 vicesimo,
932 369 1114 452 (Utenim
1133 369 1250 436 Rome

201 477 378 548 Consules,
411 478 457 535 sic
484 473 679 556 Carthagine
707 477 887 552 quotannis
915 477 1022 538 annui
1051 480 1129 539 bini
1163 496 1248 563 reges

115 582 172 660 Ι,5.
203 581 422 654 creabantur.)
463 581 505 639 Iu
528 599 568 639 eo
595 579 781 661 magistratu
804 579 872 658 pari
893 579 1067 662 diligentia
1096 600 1132 642 se
1157 574 1248 643 Han·

199 685 290 745 nibal
318 682 474 763 praebuit,
495 701 531 743 ac
551 683 653 744 luerat
672 687 706 743 in
734 683 834 758 bello.
856 682 1028 764 =Namque
1053 685 1190 756 effecit,
1209 703 1246 760 ex,

198 789 296 849 novis
319 787 534 868 vectigalibus
566 809 633 848 nou
658 789 768 848 solum
804 803 843 850 ut
866 801 947 850 esset
979 789 1124 869 pecunia
1135 830 1155 862 ,ι
1177 810 1246 871 quae

198 890 359 952 Romanis
385 912 427 952 ex
454 891 574 952 foedere
599 892 811 972 penderetur,
838 893 894 953 sed
919 892 1016 953 etiam
1042 911 1246 974 superesset,

40 1069 48 1088 ο
140 993 170 1054 6.
196 1011 269 1072 quae
293 995 328 1054 in
355 995 464 1055 aerario
486 984 706 1075 reponeretur.
746 991 1010 1070 Deinde,anu0
1035 1013 1110 1078 post
1133 1016 1248 1080 praetu·

146 1140 148 1146 .
198 1116 283 1168 ram,
307 1098 421 1158 Marco
441 1096 599 1172 Claudio,
620 1096 730 1159 Lucio
750 1099 854 1159 Furio
879 1101 1103 1176 Consulibus,
1137 1094 1247 1166 Roma

199 1199 295 1280 legati
325 1201 553 1283 Carthaginem
584 1215 758 1264 venerunt.
808 1202 884 1264 'Hos
910 1204 1088 1267 Hannibal
1114 1208 1169 1268 sui
1198 1230 1250 1270 ea*
1277 1261 1281 1270 ,

187 1298 356 1385 'poscendi
390 1307 489 1387 gratia
518 1307 631 1367 missos
659 1309 763 1380 ratris,
802 1311 990 1389 priusquam
1024 1310 1078 1371 his
1113 1328 1248 1389 senatus

149 1456 152 1464 .
198 1410 345 1483 daretur,
367 1431 485 1471 navem
516 1412 705 1473 conscendit
729 1412 832 1485 clam,
859 1430 958 1493 atque
987 1413 1023 1475 in
1050 1414 1181 1496 Syriam
1209 1419 1247 1477 ad

43 1544 46 1548 ⁴
139 1531 170 1594 7.
201 1514 409 1576 Antiochum
433 1515 586 1596 profugit.
626 1501 702 1576 Hae
726 1536 758 1576 re
780 1516 884 1596 palam
905 1517 1003 1590 lacta,
1023 1518 1125 1579 Poent
1148 1539 1248 1581 naves

160 1651 162 1656 ·
199 1619 295 1694 duas,
317 1638 390 1700 quae
413 1639 490 1679 eum
515 1619 844 1700 comprehenderent,
880 1621 907 1681 sl
928 1639 1057 1704 possent
1075 1630 1249 1704 consequi,

199 1720 373 1794 miseruntt
400 1725 487 1783 bona
506 1723 576 1803 ejus
600 1722 830 1804 publicaruut3
854 1727 991 1787 domum
1010 1749 1029 1788 s
1046 1728 1247 1790 fundamen·

201 1827 242 1888 tis
259 1826 475 1906 disjeceruntt'
494 1821 601 1909 ipsum
625 1831 772 1890 exsulem
789 1824 992 1907 judicarunt.
1055 1840 1057 1845 ’
1098 1842 1100 1846 ’

481 2055 483 2061 ,
573 2011 682 2082 cna.
718 1996 835 2083 vnn

141 2155 247 2224 1.At
267 2118 440 2216 Hannibal
459 2173 549 2214 anno
577 2152 687 2228 tertio,
708 2166 781 2249 post
802 2169 902 2232 quam
927 2154 1027 2215 domo
1048 2154 1248 2240 profugerat,

173 2258 303 2334 Lucio
332 2253 501 2328 Cornelio,
546 2258 695 2345 Quinto
720 2258 875 2320 Minucio
909 2258 1129 2333 Consulibus,
1170 2284 1246 2324 curu

193 2361 351 2442 quinque
379 2356 520 2423 navibus
547 2357 695 2424 Africam
719 2362 850 2463 accessit
875 2361 1054 2424 infinibus
1077 2356 1248 2447 Cyrenaeo·

104 2560 111 2601 -'
141 2562 276 2618 Miluus.
295 2565 351 2629 lV,
367 2573 393 2630 4.
410 2555 691 2616 bemerlttworden⁴
682 2577 738 2646 ist,
767 2563 911 2616 Cornelius
928 2566 973 2616 nie
993 2580 1045 2615 von
1065 2562 1117 2615 der
1134 2565 1248 2619 Worde

141 2657 190 2708 der
211 2655 360 2709 Feldherrn
382 2656 513 2720 braucht,
541 2675 572 2708 so
598 2655 690 2731 hsufig
719 2674 749 2708 et·
766 2632 903 2723 pretor
895 2677 922 2708 tn
947 2657 1049 2707 diesem
1067 2659 1155 2710 Siune
1176 2676 1248 2726 sagr.

142 2750 200 2806 Der
218 2769 270 2801 rex
287 2747 440 2821 eutspricht
454 2748 515 2801 dem
534 2749 700 2803 Romischeu
719 2752 823 2805 Consul
840 2732 911 2803 auch
928 2748 1026 2815 dacin,
1043 2749 1103 2803 dats
1124 2770 1153 2802 er
1165 2753 1248 2824 Felti-

120 2868 124 2881 ⁸
142 2845 208 2900 herr
224 2865 292 2901 war.
343 2890 346 2897 .

214 2984 290 3017 anne
306 2963 429 3017 seeundo
448 2973 476 3015 et
492 2962 647 3036 vicesimo]
682 2967 727 3019 Im
744 2983 830 3039 moy
849 2962 909 3016 und
923 2968 1127 3030 amanzigrten
1143 2963 1249 3044 Jolere,

115 3104 125 3112 .
144 3058 174 3114 d.
194 3065 214 3114 i.
233 3059 360 3131 beynulre
372 3037 461 3130 'errey
479 3059 539 3109 und
554 3065 693 3128 awanrig
709 3059 798 3112 Jalrre
816 3061 897 3126 lang.
916 3077 918 3082 '

127 3226 135 3234 ,,
180 3188 205 3242 5.
225 3197 264 3229 ex
271 3160 407 3249 foedere]
441 3177 549 3230 Foedus
566 3185 603 3232 ist
620 3178 681 3231 hier
697 3178 773 3231 nieht
791 3163 951 3252 Bitndnr'ss,
970 3177 1103 3240 sondern,
1128 3181 1183 3230 rrie
1201 3177 1248 3236 bt·

145 3285 216 3338 ters,
234 3273 372 3338 Vertrag.
726 3284 729 3289 ·

125 3439 131 3443 =·
215 3373 410 3475 reponeretur]
455 3403 502 3456 leh
523 3383 592 3456 habe
609 3371 684 3458 disse
705 3407 799 3459 Lesart
824 3392 962 3458 mehrerer
979 3360 1227 3456 Haudscltristen'
1219 3427 1249 3458 tn

133 3496 201 3551 ¹den
218 3500 288 3550 Text
305 3495 527 3565 ausgenommen
563 3500 743 3555 Gewdlmlicb
772 3500 929 3551 lies’tmau
950 3508 1113 3566 poneretur.
1150 3500 1249 3551 Allein

147 3611 281 3662 reponere
300 3597 335 3644 itt
355 3591 403 3665 das
430 3591 549 3641 Verbum
577 3596 716 3663 proprium
745 3611 798 3644 von
827 3591 888 3642 dem
913 3590 1088 3657 Vorschlag,
1119 3592 1250 3646 welebeu

147 3707 212 3741 man
231 3688 373 3766 bephseite
387 3667 471 3752 legs·
490 3687 526 3738 Es
542 3686 616 3760 lsaun
633 3678 663 3738 so
681 3685 753 3737 wohl
772 3691 822 3738 mit
843 3684 904 3735 dem
923 3685 1032 3736 Ablativ
1051 3685 1091 3735 als
1111 3692 1164 3750 mit
1185 3687 1250 3740 dem

147 3785 297 3851 Aceusetir
314 3758 593 3847 eous‘truictwertlen.
612 3779 674 3846 vgt.
689 3778 733 3830 die
744 3779 876 3844 Ausleger
891 3796 924 3828 su
936 3779 1029 3829 Livius
1042 3777 1150 3841 XXIX,
1168 3793 1213 3845 19,
1221 3794 1248 3846 7.

161 3918 345 3977 'bisene'tus
368 3921 499 3987 daretur]
543 3918 620 3972 Nacb
644 3925 734 3993 ¹cineam
761 3922 924 3971 Latinismus
957 3933 1051 3986 gesagt
1072 3918 1119 3969 fiir
1147 3921 1252 3971 aditus

149 4014 335 4069 adserentem
354 4015 481 4068 daretur.
517 4014 616 4065 Livius
639 4013 722 4080 xxi,
748 4031 788 4066 η.
822 4015 944 4064 Senatus
962 4013 1066 4065 Alorco
1086 4009 1176 4063 datus
1196 4021 1252 4064 est.

150 4118 192 4171 18.
210 4128 294 4180 quum
310 4117 428 4161 serratus
444 4107 532 4159 datur
547 4108 630 4159 erret.
652 4145 655 4150 a
680 4126 683 4134 ·
699 4106 702 4112 ’
