2694 4756
413 210 446 278 V.
474 209 601 281 Cimon.
653 211 730 306 Cap.
756 213 831 281 III.
856 214 915 283 IV.
1144 249 1146 254 v
1167 214 1208 296 87

166 401 279 454 mans,
307 383 505 444 contendere
530 382 822 456 Lacedaemonem,
853 402 913 446 sua
937 396 1053 464 sponte
1075 397 1122 444 est
1147 404 1215 463 pro·

167 482 288 556 fectus,
328 505 511 569 pacemque
551 487 636 546 inter
670 487 751 546 duas
790 487 1030 567 potentissimas
1067 487 1216 549 civitates
1258 540 1260 553 .

102 602 139 663 4.
167 588 366 648 conciliavit.
408 589 504 662 Post,
536 609 646 669 neque
669 590 711 651 ita
737 591 867 663 multo,
897 589 1043 670 Cyprum
1064 609 1138 649 cum
1159 592 1218 650 du·

166 691 270 750 centis
293 691 434 750 navibus
462 691 636 772 imperator
656 692 790 768 missus,
814 712 921 770 quum
949 691 1023 768 ejus
1052 693 1215 767 majorem
1245 708 1246 713 ’

77 858 83 869 ,
168 808 292 872 partem
311 790 445 855 ‘'insolae
479 796 671 869 devicisset,
710 794 746 855 iu
779 797 934 854 morbum
964 793 1145 874 implicitus
1177 796 1215 857 iu

29 954 34 959 ,
144 954 147 959 ,
165 896 287 974 oppido
307 895 394 957 Citio
416 911 461 958 est
483 913 642 959 mortuus.

564 1077 666 1147 CAP.
699 1079 762 1149 IV.

104 1234 136 1277 1.
168 1215 275 1276 Hunc
302 1215 525 1298 Athenienses
550 1238 619 1278 non
647 1220 756 1279 sotum
788 1218 823 1279 in
856 1221 963 1294 bello,
997 1219 1111 1307 sedin
1139 1212 1241 1301 pace'

142 1384 145 1393 ,
167 1320 225 1381 diu
244 1321 524 1381 desideraverunt.
563 1320 644 1382 Fuit
663 1322 752 1382 enim
770 1338 857 1383 tanta
878 1324 1088 1396 liberalitate,
1109 1344 1216 1402 quum

166 1425 393 1504 compluribus
425 1425 505 1485 locis
530 1425 647 1513 prndio
674 1425 851 1504 hortosque
877 1426 1026 1496 haberet,
1057 1440 1096 1486 ut
1121 1446 1219 1485 num·

166 1548 268 1607 quam
290 1528 388 1590 ineis
405 1530 572 1589 custodem
595 1528 788 1608 imposuerit
800 1531 924 1593 fructus
941 1529 1094 1590 servandi
1108 1531 1218 1611 gratia,

168 1651 214 1693 ne
241 1632 316 1712 quis
344 1632 576 1714 impediretur,
619 1653 687 1711 quo
712 1632 826 1695 minus
850 1632 925 1709 ejus
949 1634 1063 1707 rebus,
1093 1634 1218 1712 quibus

140 1818 169 1874 ὅ.
186 1825 241 1860 sua
261 1811 374 1876 sponte]
428 1809 508 1862 Obne
524 1813 605 1860 einen
626 1808 764 1880 Austrag
781 1829 848 1861 vom
866 1812 980 1862 Stante.
999 1809 1104 1862 Chabr.
1120 1810 1169 1872 Π,
1191 1830 1217 1861 ι.

107 1900 234 1956 Pausan.
254 1903 315 1969 111,
347 1923 370 1956 1.
389 1903 477 1972 Sogar
502 1917 595 1971 gcgen
621 1902 674 1955 den
697 1905 812 1960 Willen
833 1903 882 1955 des
905 1905 1024 1962 Stantes
1041 1903 1093 1974 bey
1122 1905 1225 1961 Cicero,

106 1999 138 2049 in
156 1996 214 2049 Pis.
237 2015 288 2063 ιι,
306 2000 371 2061 5o.'
675 1999 680 2009 “

62 2180 65 2185 ,
142 2124 170 2179 4.
186 2120 217 2167 in
232 2115 359 2167 morbum
377 2115 549 2186 implicitus]
585 2114 731 2169 Cornelius
747 2115 796 2168 hot
814 2116 889 2169 disse
905 2114 1057 2168 Redsusart
1080 2115 1153 2167 noch
1173 2119 1222 2168 eiu

106 2210 203 2276 Malu,
223 2212 334 2279 Agesil.
354 2210 493 2275 v111-‚6.‚
511 2226 554 2261 wo
573 2212 602 2262 iu
620 2213 731 2277 einigsu
747 2209 893 2278 Ausgabeu
916 2207 1064 2260 sehierhsft
1085 2209 1220 2274 implica-

107 2313 157 2355 tus
177 2304 261 2356 steht.
296 2305 338 2356 Zu
352 2303 500 2355 bemerken
521 2307 557 2355 ist
573 2304 722 2370 irbrigsns,
739 2302 800 2354 dass
821 2303 923 2355 andere
945 2301 1146 2355 Schriftsteiler
1163 2301 1223 2355 deu.
1279 2334 1282 2339 -

105 2395 254 2449 Ablat'ivut
267 2394 419 2460 mattheo,
438 2396 534 2447 morbo
550 2397 706 2464 implicitus
714 2415 724 2455 ,·
740 2397 853 2450 Lucrct.
871 2395 927 2461 VI,
949 2414 991 2449 η.
1004 2397 1112 2468 Plinius
1124 2395 1218 2464 Evist„

52 2550 58 2557 .
106 2488 422 2556 v11‚27,5.1x‚15,
444 2499 487 2557 ²4·
524 2491 602 2543 Etwa
616 2491 692 2548 cuch
705 2495 758 2544 mit
773 2489 822 2543 dsr
839 2491 1020 2560 Propositiou
1035 2495 1083 2545 in..

141 2630 194 2682 Vi.
215 2633 423 2689 monoculum
446 2635 475 2682 in
498 2632 588 2697 bello,
618 2631 670 2682 sed
689 2637 722 2684 r'n·
739 2635 824 2701 poce]
859 2633 913 2685 Die
935 2633 1079 2702 Aufingcr
1103 2636 1225 2686 mecken-

106 2725 184 2791 oioh‚
201 2724 263 2778 dass
281 2725 353 2777 uach
372 2744 429 2777 uon
451 2726 543 2776 sotum
563 2724 647 2778 ostem
666 2726 718 2796 hey
740 2725 793 2778 deu
816 2726 910 2778 bestsn
929 2727 1149 2779 Schrit'tsteiieru
1170 2726 1223 2779 sed

108 2816 216 2889 ges‘etst
235 2817 439 2872 wirdiirrsed
458 2820 561 2887 etiarm
603 2822 662 2871 Aus
683 2820 782 2873 Livius
803 2818 851 2871 hat
875 2820 975 2872 Stroth
997 2819 1141 2894 Beyspielo
1170 2835 1221 2888 ge-

107 2914 239 2970 tammelt
259 2912 400 2978 xxl1‚9.
439 2914 490 2964 Die
513 2913 792 2982 fsinsBemerlrung‚
819 2912 921 2964 welche
941 2915 1013 2964 Herr
1036 2914 1146 2965 Gorcnz
1166 2914 1219 2983 bey
1315 2914 1328 2937 ²

107 3010 207 3064 Cicero
218 3007 252 3059 de
265 3008 350 3077 Legg.
364 3007 436 3072 11,7.
447 3008 549 3072 machi,
569 3005 691 3059 verdient
703 3007 757 3058 alle
771 3005 976 3059 thtsarnkeit:
1000 3007 1074 3060 Solet
1082 3009 1177 3059 Cicero
1189 3011 1218 3060 in

109 3106 287 3155 correctione
308 3100 359 3152 sed
376 3119 429 3169 pro
450 3099 501 3152 sed
528 3106 616 3151 otium
636 3117 749 3171 ponere.
785 3100 821 3153 So
842 3100 917 3150 kann
934 3117 997 3151 roan
1018 3118 1045 3151 es
1062 3100 1221 3152 hierirher-
1304 3098 1306 3102 ’

110 3210 223 3262 cetron,
249 3195 372 3247 sondern
393 3195 602 3258 nutrimentum,
632 3192 754 3251 scudem
777 3208 854 3258 ganz
874 3191 1054 3257 vorzr'tgliolr.
1088 3193 1165 3244 Eheu
1188 3182 1219 3244 so

109 3313 203 3353 sctzsn
221 3300 292 3353 such
309 3297 353 3352 die
370 3298 509 3371 Grieobsu
537 3288 570 3359 oti
590 3292 671 3358 μόνον
693 3322 731 3337 --
753 3284 838 3349 ἄλλοί
857 3296 930 3349 ohne
950 3290 1016 3356 uui„
1044 3294 1125 3349 Sieire
1142 3296 1221 3350 Her-⁴

109 3411 199 3464 mann
223 3411 257 3445 su
276 3396 376 3461 Vigor.
397 3410 427 3464 p.
451 3400 513 3458 837.
607 3452 609 3456 ¹

112 3578 115 3585 ,
179 3533 210 3581 in
235 3534 276 3584 eis
298 3525 442 3578 custodem
459 3528 638 3592 imposuerit]
683 3526 736 3579 Die
757 3525 937 3594 Praeporition
958 3525 1010 3572 mit
1031 3520 1093 3577 dem
1111 3521 1229 3574 Aulam.

109 3639 161 3675 vus
178 3622 251 3674 steht
267 3626 334 3674 statt
352 3618 404 3672 des
419 3621 523 3672 Dativi.
560 3620 639 3670 Denu
661 3605 726 3670 man
744 3617 814 3669 nird
833 3616 920 3668 seiten
942 3614 1049 3681 finden,
1077 3615 1226 3667 custodem·
1280 3666 1283 3671 ,

103 3721 253 3785 'imponere
271 3712 388 3768 inloto.
416 3714 473 3783 Bsy
491 3712 646 3764 Mensclron
664 3709 736 3761 niuis
751 3709 891 3761 dorchaus
908 3708 957 3759 der
973 3710 1091 3760 Dativus
1114 3707 1220 3762 steheu.

109 3808 259 3877 Imponere
287 3807 358 3860 nint
382 3807 511 3874 iibrigeus
542 3821 614 3872 geru·
635 3810 664 3856 in
689 3805 847 3871 Bcziehuug
872 3800 922 3853 auf
947 3800 1078 3856 chheu
1108 3815 1219 3869 gesetzt.

110 3902 169 3953 Der
184 3901 329 3953 Verissser
350 3900 384 3950 ds
400 3902 480 3953 Bctlo
498 3899 597 3970 Afric.
616 3917 639 3952 c.
658 3911 683 3964 7.
703 3896 916 3952 centurionibus
942 3894 981 3946 nd
1000 3904 1103 3962 portas
1121 3894 1219 3964 oppidi

110 4001 139 4047 et
156 3993 294 4045 custodiis
311 3999 463 4083 ynpositis.

178 4130 213 4165 ne
231 4117 293 4183 quis
307 4110 508 4181 impediretur]
542 4114 598 4163 Der
617 4109 844 4180 brachylogischs
858 4106 1003 4161 G‘cbrsu'olt
1017 4106 1066 4161 der
1078 4108 1218 4177 conjunc·

108 4210 169 4260 tion
198 4210 237 4259 ist
264 4223 298 4257 cu
318 4206 477 4260 lscmerken.
523 4205 582 4271 Der
599 4205 745 4257 wortliche
765 4201 910 4256 Ausdruck
932 4202 979 4254 des
998 4201 1133 4270 Begriticr
1152 4201 1216 4254 oder
