2694 4756
124 192 193 264 2⁸6
398 192 528 264 xuu.
552 193 730 265 summe.
781 197 860 292 cap.
884 198 949 267 iu

119 385 152 442 4.
174 365 306 442 juberet.
346 366 416 428 Hie
434 387 542 446 quum
556 365 699 429 ferocius
715 367 932 432 Onomarcho
945 373 1041 452 loqui
1058 372 1252 449 videretur‚'

141 472 145 478 ’
179 471 288 558 Quid?
314 487 362 540 tu,
392 473 522 552 inquit,
550 475 655 533 auimo
679 477 707 533 si
725 477 782 534 isto
805 495 889 544 erus,
913 497 967 536 cut
990 499 1051 537 uon
1071 482 1105 538 in
1127 481 1236 558 proelio

119 580 151 638 5.
180 578 314 636 cecidisti
332 580 452 655 potius,
472 597 567 655 quum
597 581 628 637 iu
644 591 822 656 potestatem
846 583 961 640 inimici
983 581 1120 641 venires?
1143 582 1236 642 Huic

176 681 365 754 Eumenes,
411 682 543 742 Utinam
585 684 709 761 quidem
753 683 834 742 istud
878 685 1046 745 evenisset!
1101 687 1159 746 sed
1204 707 1235 746 eo

175 806 237 845 nou
257 786 386 858 eccidit,
414 787 500 865 quod
525 807 694 866 numquam
716 807 785 848 cum
799 787 931 868 fortiore
952 810 1022 849 sum
1046 810 1234 869 congressus.

175 890 256 951 Nou
277 893 357 949 enim
379 911 448 949 cum
467 912 627 969 quoquam
655 912 745 952 uerno
769 896 899 967 contuli,
923 898 998 973 quin
1021 898 1046 954 is
1068 895 1148 955 mihi
1172 915 1234 956 suc·

180 995 327 1055 cubuerit.
366 993 445 1055 Non
465 997 544 1054 enim
570 999 679 1060 virtute
700 999 849 1071 hostium,
871 1001 924 1058 sed
949 1002 1122 1060 amicorum
1145 999 1230 1081 perfi-

177 1101 228 1158 dia
252 1100 362 1160 decidi.
407 1097 541 1178 [Neque
569 1098 761 1185 idpfaleum.
802 1100 891 1162 Nam
919 1120 952 1165 et
981 1103 1146 1185 dignitate
1169 1103 1231 1166 fuit

173 1202 313 1265 honesta
333 1216 366 1264 et
386 1203 516 1263 viribus
538 1205 579 1263 ad
607 1205 751 1266 laborem
767 1204 941 1267 ferendum
966 1207 1096 1283 firmis,
1122 1223 1231 1289 neque

176 1324 244 1369 tam
267 1327 388 1392 magno
411 1328 564 1389 corpore,
583 1330 685 1389 quem
711 1311 816 1392 figura
830 1315 993 1387 venusto]

114 1502 200 1558 theile
219 1520 270 1555 aus
288 1501 337 1555 des
352 1502 549 1574 Etymologie‚
572 1502 655 1556 theile
679 1522 729 1556 uus
749 1503 800 1557 der
818 1504 954 1569 Analogio
970 1503 1021 1556 der
1036 1505 1231 1576 composition

111 1604 142 1652 in
174 1599 281 1651 andern
310 1590 465 1665 womero,
502 1596 584 1650 theiis
612 1615 663 1649 eus
688 1596 752 1650 dem
785 1598 1046 1667 Zusamutenhange
1070 1600 1232 1652 festseteen.

111 1695 169 1747 Der
190 1690 438 1758 Zusammenheng
458 1697 545 1761 wige,
563 1690 624 1744 deis
642 1709 671 1744 ee
696 1692 833 1745 bedenten
852 1703 958 1756 mune,
977 1693 1052 1744 abel,
1064 1699 1120 1745 mit
1140 1699 1228 1745 einem

111 1788 268 1856 uetadun,
286 1793 369 1838 einen
391 1787 461 1855 ube!
476 1787 646 1838 hehandelu.
681 1789 735 1838 Fur
755 1787 823 1839 eben
839 1787 914 1840 diese
937 1786 1106 1858 Bedeutuug
1124 1789 1229 1858 sprieht

6 1897 9 1903 ’
111 1884 157 1936 die
173 1881 351 1952 Etymologie
373 1883 432 1933 und
453 1882 499 1949 die
524 1883 732 1951 composition.
763 1879 864 1948 Heufig
881 1880 984 1933 druckt
1006 1880 1041 1932 de
1058 1915 1086 1926 -
1103 1882 1228 1935 deterio-

34 2002 39 2011 1
111 1996 171 2029 rem
196 1980 239 2027 rei
261 1984 392 2039 etatum,
415 1975 471 2027 den
494 1975 763 2026 versehlimmerten
784 1975 920 2028 Zustaud
942 1981 1022 2026 einer
1050 1977 1145 2027 Saelee
1168 1994 1226 2030 aus.

110 2069 260 2124 Deducere
271 2084 337 2134 mag
356 2086 420 2120 eum
431 2067 561 2139 Beyepiel
576 2068 695 2138 dienen,
712 2068 830 2122 welches
845 2070 891 2122 ich
903 2070 954 2142 bey
970 2070 1137 2124 Alcibiades
1150 2071 1227 2137 vul,

113 2176 139 2220 t.
157 2166 262 2218 erklirt
281 2163 361 2216 habe.

144 2295 173 2354 4.
185 2280 337 2359 ferocius]
375 2285 439 2338 Mic
455 2283 534 2362 aileu
551 2279 657 2332 vielem
677 2278 776 2332 Trete.
812 2278 961 2329 Feroeitas
978 2277 1227 2332 bezeichnetuiolu

110 2386 211 2434 immet
231 2379 391 2436 Wildheit.
412 2378 533 2431 eondern
560 2374 653 2442 heufig
674 2373 776 2441 Mutii,
800 2373 919 2439 Steiria,
941 2373 1115 2440 Festigieit,
1139 2376 1227 2428 hisch.

110 2490 185 2529 stene
204 2476 304 2529 Trou.
339 2474 421 2528 Siehe
439 2491 474 2524 eu
494 2470 631 2524 Themist.
651 2467 696 2530 11,
712 2487 737 2523 1.

176 2601 289 2666 potius,
312 2612 398 2663 quam
419 2625 445 2637 -
464 2587 595 2657 venires]
631 2587 711 2640 Auch
732 2587 804 2639 uach
820 2589 933 2655 potius,
963 2603 1049 2653 quam
1076 2592 1130 2640 wie
1156 2589 1227 2641 nach

107 2696 204 2758 prius,
223 2707 308 2758 qinom
327 2688 416 2752 wird,
433 2705 516 2737 weun
531 2688 577 2736 ein
593 2685 767 2752 Praeteritum
784 2680 884 2733 vorher
903 2686 986 2750 Βίης,
1005 2683 1054 2733 das
1073 2683 1228 2754 Imperfec-

109 2801 170 2838 tum
187 2784 366 2853 Conjunctivi
384 2795 498 2848 gesetzt.
535 2779 570 2832 So
591 2778 717 2832 Hamilc.
736 2780 765 2845 1,
783 2790 810 2841 5·
831 2811 857 2823 -
878 2779 979 2830 Livius
997 2776 1052 2841 XI,
1070 2787 1097 2841 4.
1116 2778 1227 2829 Mulier

110 2888 154 2931 est
177 2897 251 2929 ausa
276 2877 387 2941 dicere,
411 2892 515 2927 sesua
540 2892 628 2924 mauu
638 2877 736 2939 potius
754 2888 852 2924 omues
869 2867 1227 2939 liberosinterfecturam,

107 2992 193 3043 picam
206 2978 235 3023 iu
247 2980 425 3038 potestatem
442 2969 567 3035 Philippi
582 2971 729 3018 venirent.
765 2967 845 3018 Auoh
858 2964 930 3017 nach
948 2964 1052 3017 andern
1069 2966 1227 3034 Compara-

107 3072 185 3120 tiveu
204 3064 289 3117 findet
306 3065 365 3117 sich
383 3065 427 3116 die
444 3063 550 3131 gleiche
573 3063 782 3115 construction.
817 3062 942 3113 Pausan.
962 3058 1023 3121 111,
1042 3075 1067 3108 2.
1085 3059 1226 3125 epulaba-

108 3170 158 3212 tur
175 3161 368 3221 luxuriosius,
387 3174 495 3225 quam,
513 3159 561 3224 qui
581 3153 721 3219 aderaut,
737 3160 851 3222 perpeti
864 3161 1001 3218 possent.'
1026 3156 1121 3206 Astu.
1148 3154 1178 3217 1,
1195 3163 1224 3218 5·

108 3257 217 3306 clarius
233 3251 505 3323 exsplendescebat‚
538 3266 624 3317 quam
651 3252 786 3315 generosi
808 3245 996 3312 otendiscipuli
1020 3251 1118 3297 animo
1144 3263 1225 3314 oequo

100 3349 189 3419 ferre
215 3356 342 3417 possent.
378 3346 489 3397 Vorher
515 3344 585 3396 habe
610 3343 655 3395 ich
685 3341 731 3394 dio
757 3342 971 3410 interpunctiou
991 3339 1131 3407 gefindert.
1168 3339 1227 3392 Ge·

106 3442 250 3496 wohnlioh
266 3441 348 3494 stand
364 3439 507 3509 Quidue?
525 3437 618 3490 Allein
634 3435 712 3506 Quid
718 3436 731 3484 i
749 3437 843 3488 macht
861 3435 915 3504 hey
928 3435 978 3486 der
993 3434 1224 3504 Verwunderuug

107 3541 168 3589 eine
190 3537 277 3603 Frage
296 3536 342 3588 sur
364 3535 425 3587 sich
447 3549 513 3598 oue,
536 3530 595 3582 und
615 3530 665 3583 das
688 3531 845 3582 Pronomeu
869 3528 942 3581 steht
959 3528 1006 3581 des
1023 3528 1223 3583 Nachdruokee

106 3645 202 3698 wegen
230 3646 334 3695 vorsu,
361 3627 421 3680 und
445 3626 520 3679 daun
539 3625 610 3693 folgt
635 3640 701 3691 geru
727 3622 801 3672 noch
826 3625 871 3673 eiu
896 3623 1052 3689 Fragworu
1076 3622 1139 3677 hier
1161 3641 1224 3677 our·

106 3724 173 3797 Vgl.
195 3723 307 3774 Carene
335 3740 369 3774 eu
385 3721 484 3773 Cicero
503 3718 538 3769 de
551 3718 610 3790 fin.
627 3719 692 3771 bon.
712 3726 740 3768 et
756 3715 825 3768 mal.
844 3717 902 3781 IV,
923 3728 967 3783 14,
988 3727 1033 3780 59.

141 3851 167 3904 5.
187 3842 300 3909 [Neque
317 3837 349 3890 id
363 3836 494 3908 falsum.
529 3839 608 3889 Nam
632 3843 660 3886 et
678 3835 864 3902 dignitate·
889 3853 975 3903 qaeeam
994 3833 1101 3905 figura
1128 3855 1223 3889 venu-

106 3934 199 4003 sta]]
236 3933 285 3984 Ich
303 3933 372 3983 hebo
387 3931 462 3983 dieee
477 3930 581 3982 Worte
595 3932 635 3982 als
652 3929 857 3982 unterschobeu
875 3932 904 3979 iu
920 3931 1017 3981 Haken
1032 3931 1224 4000 eingeschloe·

107 4047 169 4082 een.
211 4026 317 4082 Welch
340 4031 400 4078 eine
430 4033 551 4077 unnutze
574 4025 750 4089 Bemerkuug
772 4020 827 4074 und
856 4021 944 4074 welch
968 4026 1014 4073 ein
1037 4022 1223 4078 licherlicher

106 4118 224 4176 Grund!
261 4119 346 4183 Scine
368 4115 559 4190 Aeusseruug
582 4136 651 4173 mer
671 4115 774 4185 matr,
796 4115 855 4170 und
879 4133 1021 4172 enarum
1048 4114 1224 4188 dessuulen,
