2694 4756
304 235 441 307 XVIII.
468 236 645 345 Eumenes.
697 231 777 329 dap.
802 224 862 303 IV.
891 230 925 303 l'.
1100 251 1170 349 Ι971

116 427 229 492 pacem
250 411 291 472 ab
313 431 353 473 eo
380 399 485 492 petiit.
526 409 640 496 Quam
671 426 779 488 quum
803 404 1025 486 impetrasset,
1046 402 1084 465 in
1108 405 1175 466 fide

120 537 189 577 non
211 516 353 591 mansit,
387 531 420 579 et
440 535 491 589 ae,
514 515 617 576 simul
646 533 683 574 ac
713 510 842 584 potuit,
874 508 916 572 ad
954 508 1174 590 Antipatrum

53 635 86 699 4.
119 614 250 702 recepit.
291 621 461 683 Eumenes
492 621 682 692 Craterum,
719 636 763 677 ex
783 613 854 677 acie
880 613 1087 676 semivivum
1113 615 1176 676 ela·

118 737 213 796 turn,
235 744 377 787 recreare
406 715 556 786 studuit.
588 712 708 810 Quum
730 720 766 782 id
793 719 864 780 non
890 730 1014 800 posset,
1033 739 1092 800 pro
1120 717 1177 779 ho·

120 827 222 889 minis
245 827 422 912 dignitate,
445 849 572 912 proque
595 826 733 910 pristina
756 823 904 886 amicitia
927 827 1095 904 (namque
1115 824 1177 886 illo

117 952 198 994 usus
216 948 298 1009 erat,
322 935 518 997 Alexandro
541 931 642 1006 vivo,
671 927 903 1006 familiariter)
924 929 1037 1011 amplo
1060 928 1178 992 funere

111 1039 260 1112 extulit,
281 1058 420 1120 ossaque
447 1039 485 1101 iu
511 1037 748 1100 Macedoniam
772 1033 873 1097 uxori
896 1035 975 1119 ejus
998 1054 1036 1097 ac
1066 1033 1178 1098 liberis
1230 1032 1234 1042 '

110 1141 254 1203 remisit.
513 1141 516 1150 '

521 1274 625 1348 Car.
652 1275 697 1348 V.
755 1286 787 1328 -’

58 1437 87 1480 a.
117 1416 200 1480 Haec
220 1418 303 1478 dum
318 1419 407 1500 apud
422 1418 684 1501 Hellespontum
707 1430 884 1502 geruntur,
904 1415 1078 1481 Perdiccas
1090 1415 1181 1499 apud

118 1519 248 1582 flumen
269 1521 391 1590 Nilum
418 1521 653 1586 interficitura
684 1525 823 1586 Seleuco
847 1538 880 1586 et
907 1521 1101 1603 Antigono;
1135 1543 1184 1584 re·
1229 1543 1231 1548 ·

119 1621 264 1706 rumque
293 1646 426 1689 summa
454 1629 496 1689 ad
533 1628 754 1710 Antipatrum
783 1627 940 1691 defertur.
996 1627 1083 1702 Hic,
1119 1625 1183 1705 qui

119 1731 349 1808 deseruerant,
370 1733 519 1793 exercitu
544 1733 740 1816 suffragium
767 1734 914 1809 ferente,
935 1731 1050 1814 capitis
1070 1733 1184 1792 absen-

120 1848 168 1913 tes
188 1837 399 1900 damnantur.
441 1837 485 1899 In
508 1836 562 1900 his
589 1839 772 1902 Eumenes.
817 1839 894 1901 Hac
922 1838 982 1900 ille
1011 1853 1183 1918 percussus

58 2019 211 2072 satrianen
228 2016 343 2072 konats.
380 2017 459 2071 Diels
479 2019 547 2088 licgt
565 2023 606 2072 im
622 2019 715 2071 Verbo
731 2016 884 2087 deducere,
903 1993 1184 2086 dcssen'Bedsutung

59 2111 108 2165 lch
125 2111 178 2184 bey
196 2113 291 2166 Alcib.
310 2111 401 2179 vm,
423 2133 446 2167 r.
468 2115 572 2167 erkl'airt
590 2114 671 2168 habe.

65 2256 71 2268 ν
130 2223 220 2300 etse]
256 2233 436 2289 Etftrrred.
479 2233 549 2289 Man
568 2233 633 2288 sehs
652 2191 951 2302 disllnmerlrungau
968 2232 1042 2284 Dat.
1061 2230 1119 2297 vl,
1138 2235 1165 2297 l.

96 2358 123 2418 4.
139 2370 193 2422 pro
211 2353 335 2406 hominis
352 2354 518 2425 dignitate]
553 2356 623 2409 Mau
649 2353 714 2406 sehs
743 2371 778 2405 au
804 2353 880 2405 Dat.
907 2350 954 2418 X,
984 2361 1012 2416 5.
1045 2349 1124 2402 Eben
1151 2365 1183 2400 so
1212 2395 1215 2398 .

60 2445 147 2501 hettu
165 2465 194 2502 ss
212 2449 285 2503 oben
304 2448 350 2517 11,
364 2468 391 2504 a.
409 2448 485 2520 quod
504 2455 536 2502 iu
553 2450 667 2502 homins
682 2446 777 2520 fidem
794 2454 829 2499 st
847 2444 1024 2499 iudustriam
1044 2458 1184 2512 maguam

61 2538 189 2597 uidebat.
1105 2533 1109 2543 “

96 2651 133 2704 V·
155 2672 179 2707 a.
197 2671 346 2724 rerumque
363 2651 492 2723 summa]
528 2654 581 2706 Die
599 2652 710 2707 oberste
728 2654 846 2720 Leitung
859 2649 909 2704 der
921 2632 1193 2720 Angelcgenheitenj'

61 2743 109 2799 dis
126 2747 357 2818 Ilsgsntsclraft‚
375 2753 429 2802 wis
446 2767 513 2800 man
537 2748 596 2801 sich
622 2748 690 2801 hcut
706 2767 741 2799 au
772 2746 848 2815 Tage
876 2745 1054 2798 ausdrucken
1077 2733 1186 2796 rrltrde.
1267 2780 1270 2786 .

62 2838 119 2893 Dis
145 2840 273 2911 Stsllung
295 2839 540 2915 fliameu'Nilum
562 2847 600 2896 ist
623 2840 833 2911 regelmiissigsr
855 2839 897 2892 als
927 2839 1029 2891 Nilum
1052 2830 1189 2908 flumen,
1225 2833 1228 2838 ’
1267 2901 1269 2905 .

62 2937 204 2991 warasch
227 2941 256 2990 in
281 2936 388 3009 andern
403 2937 622 2992 Haudscbrlfccn
641 2934 736 2988 findet.
772 2936 831 2987 Der
849 2930 1097 3001 Gattungsnahms
1115 2928 1187 2983 wird

27 3051 30 3055 ·
62 3030 129 3084 dem
147 3035 262 3099 sigenen
283 3032 412 3085 Nahmen
431 3048 597 3102 vorgesetat.
632 3031 713 3084 Doch
736 3029 794 3098 gibt
819 3047 847 3081 ss
870 3026 942 3080 auch
969 3024 1099 3080 Nahmsn
1130 3044 1188 3081 von

63 3124 203 3188 Flumen,
219 3123 264 3177 die
282 3139 440 3193 rorgesstat
457 3127 583 3192 werden,
602 3127 754 3179 Garumna
778 3122 893 3192 flumen
920 3122 1018 3175 Caesar
1036 3120 1070 3171 de
1091 3122 1125 3173 B.
1152 3121 1190 3176 G.

64 3215 96 3282 l,
117 3236 140 3272 r.
178 3219 322 3288 liingegsn
340 3220 470 3274 cbeadas.
484 3220 609 3290 flumine
636 3218 785 3275 Rhodano.
819 3219 856 3272 Es
881 3232 947 3285 mag
974 3214 1046 3269 auch
1064 3214 1189 3268 hierdis

64 3309 256 3380 Wichtlglccit
272 3311 321 3365 des
344 3313 488 3367 Nahmens
511 3314 580 3368 oder
604 3314 653 3368 des
676 3314 788 3369 Flusses
819 3310 1015 3379 entscheiclcn‚
1032 3309 1187 3364 besonders

23 3461 25 3466 ,
64 3402 337 3476 Gepenstellungsa.
423 3412 429 3426 ·

133 3527 297 3594 percussus]
332 3525 459 3580 Warum
485 3526 531 3580 ioh
557 3525 619 3580 hier
642 3528 716 3582 nach
739 3526 857 3580 Lambin
880 3524 970 3578 dieses
998 3523 1091 3579 Wort
1120 3537 1190 3577 statt

60 3620 213 3692 perculsus
230 3619 447 3689 aufgenommen
472 3621 559 3688 habe,
577 3603 652 3677 lehis
669 3624 714 3677 die
733 3624 917 3690 Anmcrkung
935 3638 970 3673 aa
999 3621 1079 3673 Diou
1097 3623 1136 3686 v,
1158 3629 1189 3684 5.

64 3713 244 3784 EinSchlag‚
263 3714 326 3768 dem
346 3715 391 3767 ich
409 3716 488 3770 nicht
500 3717 671 3792 unterlicge‚
683 3736 766 3771 wcnn
785 3735 815 3769 sr
833 3716 907 3769 mich
927 3715 1014 3768 achon
1032 3712 1190 3781 haustula,

62 3800 213 3881 persistit,
241 3823 299 3861 non
313 3811 456 3879 percellit.
473 3789 476 3796 .
493 3812 727 3884 Die.passendste
751 3810 853 3877 Stella,
881 3826 991 3864 warum
1015 3806 1079 3859 hier
1093 3808 1190 3874 plaga

62 3904 214 3974 perculsus
232 3905 311 3958 nicht
328 3905 402 3958 wohl
424 3905 521 3959 stehen
540 3909 654 3974 kdnne,
684 3909 743 3977 gibt
760 3923 814 3958 uns
833 3907 929 3958 Cicero
951 3903 1036 3955 Tusa.
1063 3901 1125 3966 ΙΙΙ,
1143 3912 1190 3967 ²9·

67 3997 254 4054 Existimant
277 4004 367 4067 enim,
390 3998 447 4051 diis
462 4003 675 4055 immortalibus
699 4018 731 4052 sc
750 3997 881 4070 facilius
904 3993 1134 4065 satisfacturos,
1153 3998 1192 4060 si,

67 4108 167 4145 eorum
194 4093 323 4162 plaga
355 4096 550 4165 perculsi,
588 4095 794 4168 afflictos
824 4109 855 4144 ss
888 4099 919 4143 ct
947 4097 1102 4143 stratos
1130 4105 1202 4159 esse¹

64 4191 210 4242 sentiant.
