2694 4756
105 156 177 245 sss
283 155 385 231 XXV.
412 156 453 230 Τ.
476 157 687 255 Pomponius
707 158 858 242 Atticus.
902 156 1051 267 CopX

30 345 39 351 ’
108 347 138 404 2.
167 341 300 412 propter
320 328 472 393 intimam
491 329 748 402 familiaritatem
768 329 936 394 Ciceronis
959 346 992 394 et
1007 331 1128 398 Bruti.
1169 328 1230 396 lta·

157 453 234 515 .que
248 435 289 495 ad
302 435 483 497 adventum
501 434 734 515 imperatorum
747 436 788 497 de
799 434 870 497 soro
885 435 1086 507 decesserat,
1107 436 1231 500 timent

166 538 457 619 proscriptionem.
479 541 666 620 latebatque
697 540 786 620 apud
812 541 852 601 P.
878 540 1145 616 Volumnium,
1166 541 1232 618 etti,

167 655 208 704 ut
231 641 452 721 ostendimus.
476 645 590 725 paullo
616 656 693 705 ante
716 662 812 724 opem
839 644 972 706 tulerat:
991 652 1110 722 (tanta
1130 647 1234 708 varie

167 758 216 809 tas
238 736 288 808 iie‘
303 747 506 826 temporibus
526 746 591 809 tuit
614 746 777 822 fortunae,
796 759 835 811 ut
849 748 951 810 modo
973 747 1028 820 bi,
1048 750 1160 810 modo
1181 748 1233 812 illi

168 848 208 915 in
227 849 361 912 summo
383 859 491 914 essent
509 864 568 912 aut
593 849 723 932 fastigio
748 864 806 912 aut
824 840 992 931 periculo)
1013 848 1234 931 habebatque

169 971 282 1015 secum
311 955 356 1039 Q.
379 954 530 1017 Gellium
562 954 712 1026 Canum,
752 954 913 1032 equalem
938 953 1234 1034 simillimumque

108 1056 141 1122 3.
167 1057 232 1119 stri.
271 1057 350 1121 Hoc
368 1078 505 1139 quoque
528 1057 571 1119 rit
592 1055 701 1119 Attici
719 1055 875 1117 bonitatis
898 1055 1115 1136 exemplum,
1140 1055 1234 1136 quod

168 1180 247 1223 cum
269 1181 324 1238 eo,
346 1182 447 1250 quem
470 1180 611 1251 puerum
636 1158 673 1222 in
698 1157 780 1219 ludo
802 1169 1015 1240 cognoverat,
1037 1157 1129 1218 adeo
1157 1179 1235 1220 con·

168 1263 286 1341 juncte
311 1265 414 1341 vixit,
440 1279 480 1328 ut
506 1266 547 1328 ad
577 1278 756 1326 extremam
776 1274 902 1323 aetatem
931 1259 1079 1322 amicitia
1112 1282 1235 1323 eorum

109 1363 143 1434 4.
172 1349 322 1430 creverit.
356 1367 541 1438 ¹Antonius
566 1382 678 1430 autem
703 1364 765 1428 etsi
785 1378 876 1427 tanto
896 1364 975 1426 odio
995 1364 1171 1439 ferebatur
1195 1365 1234 1426 in
1263 1349 1265 1355 ’

172 1470 387 1540 Ciceronem,
407 1485 446 1534 ut
466 1490 542 1533 »non
567 1470 677 1537 solum
694 1469 743 1544 ei,
763 1470 821 1531 sed
845 1468 1003 1530 omnibus
1019 1469 1126 1542 etiam
1154 1469 1234 1547 ejus

169 1573 284 1636 amicis
301 1591 384 1639 esset
404 1567 583 1650 inimicus,
602 1570 726 1656 eosque
744 1574 849 1636 vellet
874 1571 1092 1654 proscriberet
1111 1573 1233 1635 multis

130 1743 133 1748 ,
169 1676 379 1741 hortantibus
392 1693 502 1741 tamen
520 1678 626 1741 Attici
643 1698 771 1741 memor
786 1677 850 1740 init
863 1675 979 1751 officii,
999 1691 1032 1738 et
1045 1677 1094 1752 ei,
1120 1698 1232 1758 quum

173 1769 363 1863 requisisset
378 1782 517 1846 ubinam
545 1797 642 1858 esset.
672 1803 732 1845 sua
752 1803 856 1845 manu
877 1779 1021 1863 scripsit,
1043 1801 1080 1842 rte
1102 1784 1232 1880 timeret⁹

170 1889 335 1968 statimque
356 1888 449 1948 adse
471 1890 597 1950 reniret.-
617 1907 648 1949 se
674 1907 763 1962 eum,
781 1899 810 1947 et
837 1886 918 1946 iilius
942 1903 1057 1944 sonmo
1089 1883 1231 1946 Gellium

172 1991 295 2053 Canum
308 1992 356 2052 tie
373 1995 610 2074 proscriptorum
630 2011 754 2054 numero
778 1995 931 2051 exemisse.
972 1988 1043 2063 Ac,
1065 1988 1232 2068 'tte'quod

171 2093 210 2158 in
230 2096 418 2179 pericnlum
441 2096 619 2173 incideret,
639 2095 733 2178 quod
763 2106 865 2157 noctu
887 2095 1004 2169 fiebat,
1034 2090 1231 2174 presidium
1270 2131 1274 2139 -

96 2305 105 2324 .
145 2289 174 2329 s.
192 2272 227 2326 de
245 2273 321 2347 foro
345 2270 519 2342 decesserat]
554 2275 595 2331 Er
617 2273 695 2329 batte
720 2271 781 2327 sich
806 2271 911 2358 surusk
936 2285 1074 2342 pesopen,
1103 2288 1138 2325 er
1166 2275 1232 2342 ring

46 2405 48 2408 -
112 2369 193 2450 nicht
207 2369 288 2423 mehr
300 2384 386 2423 unter
404 2368 449 2422 die
465 2369 558 2424 Lente.
1005 2360 1024 2395 ⁴·

178 2489 279 2560 paulin
298 2496 368 2540 ante
385 2506 465 2557 opem
486 2489 611 2557 tulerat]
645 2485 694 2540 Iob
708 2482 862 2552 subinde,
880 2485 933 2536 sris
949 2483 1058 2537 Gesner
1073 2482 1134 2536 nnti
1154 2485 1231 2538 Heu·

114 2585 223 2652 ringer,
239 2583 341 2649 paullo
365 2589 435 2633 ante
451 2581 541 2634 lieber
558 2585 610 2635 mit
626 2598 705 2653 opem
721 2578 848 2640 tulerat,
865 2575 906 2630 als
922 2581 974 2630 mit
990 2585 1022 2628 nt
1040 2567 1230 2646 ostendimus,

113 2674 202 2730 demit
225 2676 275 2728 der
298 2675 420 2728 scbnelle
442 2673 669 2729 Glucksrrecbsel
692 2671 878 2739 autgedrt'tckt
907 2669 1008 2726 werde.
1042 2672 1129 2725 Diese
1158 2675 1230 2725 Ver·

114 2770 240 2839 bindung
257 2769 363 2822 sordert
381 2769 452 2823 auch
474 2768 519 2822 die
541 2766 762 2835 Wortttellung.
798 2767 895 2833 Denn‚
919 2780 1004 2818 wenn
1019 2782 1047 2818 es
1068 2765 1165 2836 Nepos
1180 2769 1231 2818 mit

114 2861 291 2917 ostendimus
310 2862 385 2914 bitte
404 2862 559 2914 verbinden
576 2861 695 2931 moilen,
714 2877 745 2914 so
759 2860 835 2915 hiitte
852 2878 883 2913 er
897 2857 1076 2929 gesrhrieben
1093 2867 1128 2910 ut
1138 2859 1230 2929 paulo

115 2964 187 3009 ante
207 2954 393 3008 ostendimus.

123 3093 126 3099 ·
148 3083 175 3140 5.
194 3072 526 3142 bonitatisexemplum]
559 3074 632 3127 Eine
652 3073 780 3128 iihnlicltc
800 3072 884 3128 Stelle
904 3071 953 3124 httt
976 3071 1076 3124 Cicero
1098 3088 1155 3140 pro
1173 3073 1232 3125 Ar*

115 3166 180 3224 etta
199 3177 232 3234 3,
252 3176 280 3232 5.
297 3166 355 3220 Sed
373 3174 462 3220 etiam
482 3168 535 3221 hoc
553 3187 611 3220 nou
625 3169 717 3220 solum
737 3171 848 3234 ingenii
864 3184 901 3218 ac
920 3167 1105 3230 litterarum,
1128 3181 1231 3216 verum

116 3267 206 3317 estem
222 3269 338 3313 naturus
360 3271 446 3332 atque
466 3268 605 3328 virtutis,
629 3269 663 3314 ut
681 3261 803 3326 domus,
826 3279 887 3328 quas
915 3258 1005 3328 hrtjus
1027 3257 1231 3312 adolescentiae

112 3361 209 3427 prima
226 3353 354 3426 fuerat,
372 3354 472 3408 eadem
490 3365 563 3407 esset
577 3356 820 3427 familiarissime
834 3358 1019 3410 senectutb*

150 3482 177 3545 4.
196 3482 281 3526 tanto
299 3472 366 3526 odio
374 3473 536 3546 ferebatur
548 3477 579 3525 iu
599 3475 773 3541 Ciceronem]
792 3470 955 3542 Vergleicbe
966 3488 1001 3522 nu
1011 3470 1230 3534 Datum.lV‚5.

183 3611 269 3663 quum
292 3593 468 3661 requisisset]
520 3593 671 3660 Requirere
699 3591 784 3644 heisst
823 3566 971 3662 cigentlich
1006 3587 1230 3660 nachforschert.

115 3685 184 3740 Hier
201 3691 238 3739 itt
254 3704 282 3740 ee
299 3684 353 3738 ·die
372 3685 454 3753 Folge
476 3703 539 3737 rom
561 3683 800 3757 Nachsorschen:
826 3691 893 3738 inne
913 3668 1048 3765 werden,
1074 3681 1228 3754 erfabreut

115 3796 169 3844 rtis
192 3795 232 3857 int
254 3790 466 3852 Grjetcbireben
483 3780 633 3845 πυθέιθαι·
733 3801 735 3804 ’

109 3887 112 3891 ’
185 3889 343 3952 statimque
360 3884 401 3935 ad
422 3902 452 3935 se
474 3889 602 3954 veniret]
638 3883 664 3938 I.
684 3902 709 3940 e.
738 3882 841 3938 redut
871 3885 967 3936 statim
994 3878 1030 3936 od
1058 3896 1089 3959 te
1115 3881 1229 3932 reniret·

117 3977 181 4048 Vgt.
199 3976 417 4044 trauersum,
436 3995 463 4030 n.

74 4129 77 4135 ,
186 4089 222 4125 rte
236 4070 312 4141 quod
322 4075 357 4125 in
368 4073 529 4141 periculum
546 4069 702 4143 insideret]
720 4146 722 4151 Ι
737 4071 772 4125 In
788 4073 899 4142 siuigen
916 4064 1138 4124 Handschriiten
1151 4079 1230 4118 nten-
